orderid,articleid,amount,price,created,updated
11,7364,1,$52.92,2018-08-02 13:30:40.686986+00,
11,17820,1,$59.00,2018-08-02 13:30:40.686986+00,
11,18212,1,$118.80,2018-08-02 13:30:40.686986+00,
11,15699,1,$75.00,2018-08-02 13:30:40.686986+00,
11,17935,1,$56.09,2018-08-02 13:30:40.686986+00,
12,8764,1,$85.49,2018-08-02 13:30:40.686986+00,
12,3255,1,$141.00,2018-08-02 13:30:40.686986+00,
12,5841,1,$115.08,2018-08-02 13:30:40.686986+00,
13,6833,1,$43.55,2018-08-02 13:30:40.686986+00,
13,6183,1,$132.00,2018-08-02 13:30:40.686986+00,
13,5576,1,$124.08,2018-08-02 13:30:40.686986+00,
13,5125,1,$115.00,2018-08-02 13:30:40.686986+00,
14,2449,1,$54.00,2018-08-02 13:30:40.686986+00,
14,15133,1,$102.60,2018-08-02 13:30:40.686986+00,
14,17891,1,$46.80,2018-08-02 13:30:40.686986+00,
14,18039,1,$62.40,2018-08-02 13:30:40.686986+00,
14,5932,1,$79.00,2018-08-02 13:30:40.686986+00,
15,14848,1,$104.37,2018-08-02 13:30:40.686986+00,
16,11364,1,$111.60,2018-08-02 13:30:40.686986+00,
16,12226,1,$34.20,2018-08-02 13:30:40.686986+00,
16,2702,1,$118.30,2018-08-02 13:30:40.686986+00,
17,5569,1,$124.08,2018-08-02 13:30:40.686986+00,
17,6742,1,$130.00,2018-08-02 13:30:40.686986+00,
17,12971,1,$63.00,2018-08-02 13:30:40.686986+00,
17,5827,1,$62.64,2018-08-02 13:30:40.686986+00,
17,6840,1,$43.55,2018-08-02 13:30:40.686986+00,
18,11712,1,$60.00,2018-08-02 13:30:40.686986+00,
18,16482,1,$105.00,2018-08-02 13:30:40.686986+00,
18,3182,1,$85.80,2018-08-02 13:30:40.686986+00,
18,5368,1,$123.00,2018-08-02 13:30:40.686986+00,
19,9945,1,$49.84,2018-08-02 13:30:40.686986+00,
20,10722,1,$78.60,2018-08-02 13:30:40.686986+00,
20,10181,1,$67.20,2018-08-02 13:30:40.686986+00,
20,18211,1,$118.80,2018-08-02 13:30:40.686986+00,
20,7394,1,$95.14,2018-08-02 13:30:40.686986+00,
20,9601,1,$99.00,2018-08-02 13:30:40.686986+00,
21,4814,1,$52.00,2018-08-02 13:30:40.686986+00,
21,9390,1,$114.81,2018-08-02 13:30:40.686986+00,
22,15723,1,$55.00,2018-08-02 13:30:40.686986+00,
22,2973,1,$72.00,2018-08-02 13:30:40.686986+00,
23,6190,1,$132.00,2018-08-02 13:30:40.686986+00,
24,15005,1,$41.08,2018-08-02 13:30:40.686986+00,
24,4253,1,$46.28,2018-08-02 13:30:40.686986+00,
24,6104,1,$150.00,2018-08-02 13:30:40.686986+00,
25,5608,1,$105.00,2018-08-02 13:30:40.686986+00,
25,10033,1,$103.68,2018-08-02 13:30:40.686986+00,
25,13374,1,$60.30,2018-08-02 13:30:40.686986+00,
25,1318,1,$79.00,2018-08-02 13:30:40.686986+00,
25,2920,1,$101.70,2018-08-02 13:30:40.686986+00,
26,15551,1,$63.24,2018-08-02 13:30:40.686986+00,
26,14568,1,$90.09,2018-08-02 13:30:40.686986+00,
27,12528,1,$45.90,2018-08-02 13:30:40.686986+00,
27,9887,1,$105.00,2018-08-02 13:30:40.686986+00,
27,1426,1,$70.07,2018-08-02 13:30:40.686986+00,
28,14127,1,$123.00,2018-08-02 13:30:40.686986+00,
28,5274,1,$60.52,2018-08-02 13:30:40.686986+00,
28,9127,1,$140.65,2018-08-02 13:30:40.686986+00,
28,8159,1,$58.20,2018-08-02 13:30:40.686986+00,
29,16155,1,$89.00,2018-08-02 13:30:40.686986+00,
29,1633,1,$92.00,2018-08-02 13:30:40.686986+00,
30,7727,1,$56.00,2018-08-02 13:30:40.686986+00,
30,16472,1,$57.00,2018-08-02 13:30:40.686986+00,
31,16492,1,$105.00,2018-08-02 13:30:40.686986+00,
31,17493,1,$63.60,2018-08-02 13:30:40.686986+00,
31,1883,1,$65.00,2018-08-02 13:30:40.686986+00,
31,3266,1,$141.00,2018-08-02 13:30:40.686986+00,
32,3300,1,$36.00,2018-08-02 13:30:40.686986+00,
33,10258,1,$54.00,2018-08-02 13:30:40.686986+00,
33,9045,1,$89.10,2018-08-02 13:30:40.686986+00,
33,4715,1,$84.00,2018-08-02 13:30:40.686986+00,
34,5329,1,$67.20,2018-08-02 13:30:40.686986+00,
34,10204,1,$45.58,2018-08-02 13:30:40.686986+00,
34,4029,1,$146.00,2018-08-02 13:30:40.686986+00,
35,5923,1,$79.00,2018-08-02 13:30:40.686986+00,
35,12170,1,$114.00,2018-08-02 13:30:40.686986+00,
35,11246,1,$86.00,2018-08-02 13:30:40.686986+00,
36,6715,1,$88.58,2018-08-02 13:30:40.686986+00,
36,9248,1,$71.40,2018-08-02 13:30:40.686986+00,
36,4382,1,$118.00,2018-08-02 13:30:40.686986+00,
37,18368,1,$64.00,2018-08-02 13:30:40.686986+00,
37,11749,1,$133.00,2018-08-02 13:30:40.686986+00,
37,5268,1,$60.52,2018-08-02 13:30:40.686986+00,
37,18078,1,$39.00,2018-08-02 13:30:40.686986+00,
37,2339,1,$73.00,2018-08-02 13:30:40.686986+00,
38,2673,1,$70.00,2018-08-02 13:30:40.686986+00,
38,10166,1,$67.20,2018-08-02 13:30:40.686986+00,
38,1674,1,$66.50,2018-08-02 13:30:40.686986+00,
39,6964,1,$44.20,2018-08-02 13:30:40.686986+00,
39,6116,1,$150.00,2018-08-02 13:30:40.686986+00,
39,10373,1,$42.60,2018-08-02 13:30:40.686986+00,
39,3427,1,$103.00,2018-08-02 13:30:40.686986+00,
40,7247,1,$93.00,2018-08-02 13:30:40.686986+00,
40,12201,1,$44.40,2018-08-02 13:30:40.686986+00,
40,14965,1,$64.74,2018-08-02 13:30:40.686986+00,
40,11075,1,$64.00,2018-08-02 13:30:40.686986+00,
40,16846,1,$45.60,2018-08-02 13:30:40.686986+00,
41,2627,1,$42.18,2018-08-02 13:30:40.686986+00,
41,14907,1,$82.20,2018-08-02 13:30:40.686986+00,
41,10718,1,$78.60,2018-08-02 13:30:40.686986+00,
42,11551,1,$41.04,2018-08-02 13:30:40.686986+00,
42,8872,1,$56.00,2018-08-02 13:30:40.686986+00,
43,1930,1,$147.00,2018-08-02 13:30:40.686986+00,
43,14291,1,$140.00,2018-08-02 13:30:40.686986+00,
43,11664,1,$104.00,2018-08-02 13:30:40.686986+00,
43,9759,1,$107.00,2018-08-02 13:30:40.686986+00,
43,13543,1,$73.80,2018-08-02 13:30:40.686986+00,
44,11246,1,$86.00,2018-08-02 13:30:40.686986+00,
45,1912,1,$103.66,2018-08-02 13:30:40.686986+00,
45,3390,1,$68.68,2018-08-02 13:30:40.686986+00,
45,8572,1,$70.56,2018-08-02 13:30:40.686986+00,
46,13814,1,$81.00,2018-08-02 13:30:40.686986+00,
46,11789,1,$91.00,2018-08-02 13:30:40.686986+00,
46,14176,1,$65.00,2018-08-02 13:30:40.686986+00,
46,14361,1,$67.00,2018-08-02 13:30:40.686986+00,
46,6142,1,$77.00,2018-08-02 13:30:40.686986+00,
47,17223,1,$140.00,2018-08-02 13:30:40.686986+00,
47,11600,1,$55.20,2018-08-02 13:30:40.686986+00,
47,5548,1,$64.00,2018-08-02 13:30:40.686986+00,
48,9921,1,$114.55,2018-08-02 13:30:40.686986+00,
48,7207,1,$72.45,2018-08-02 13:30:40.686986+00,
48,6031,1,$74.40,2018-08-02 13:30:40.686986+00,
48,4486,1,$71.00,2018-08-02 13:30:40.686986+00,
48,14893,1,$116.85,2018-08-02 13:30:40.686986+00,
49,8828,1,$97.90,2018-08-02 13:30:40.686986+00,
50,15921,1,$87.00,2018-08-02 13:30:40.686986+00,
51,8636,1,$68.00,2018-08-02 13:30:40.686986+00,
52,5916,1,$79.00,2018-08-02 13:30:40.686986+00,
52,11427,1,$149.00,2018-08-02 13:30:40.686986+00,
52,11558,1,$41.04,2018-08-02 13:30:40.686986+00,
53,2191,1,$117.18,2018-08-02 13:30:40.686986+00,
53,17317,1,$94.08,2018-08-02 13:30:40.686986+00,
54,9496,1,$137.00,2018-08-02 13:30:40.686986+00,
55,2619,1,$42.18,2018-08-02 13:30:40.686986+00,
55,4137,1,$57.42,2018-08-02 13:30:40.686986+00,
55,2569,1,$114.00,2018-08-02 13:30:40.686986+00,
56,10156,1,$67.20,2018-08-02 13:30:40.686986+00,
56,7164,1,$132.30,2018-08-02 13:30:40.686986+00,
57,4234,1,$86.24,2018-08-02 13:30:40.686986+00,
58,2191,1,$117.18,2018-08-02 13:30:40.686986+00,
58,12906,1,$47.40,2018-08-02 13:30:40.686986+00,
58,8734,1,$108.57,2018-08-02 13:30:40.686986+00,
59,14698,1,$71.40,2018-08-02 13:30:40.686986+00,
59,14312,1,$66.75,2018-08-02 13:30:40.686986+00,
60,2152,1,$81.60,2018-08-02 13:30:40.686986+00,
60,14860,1,$104.37,2018-08-02 13:30:40.686986+00,
60,9777,1,$107.00,2018-08-02 13:30:40.686986+00,
60,4038,1,$146.00,2018-08-02 13:30:40.686986+00,
60,15129,1,$102.60,2018-08-02 13:30:40.686986+00,
61,1879,1,$65.00,2018-08-02 13:30:40.686986+00,
61,3066,1,$107.00,2018-08-02 13:30:40.686986+00,
61,17573,1,$115.00,2018-08-02 13:30:40.686986+00,
61,3957,1,$84.00,2018-08-02 13:30:40.686986+00,
62,3605,1,$53.82,2018-08-02 13:30:40.686986+00,
62,3086,1,$142.00,2018-08-02 13:30:40.686986+00,
62,8664,1,$121.00,2018-08-02 13:30:40.686986+00,
62,10890,1,$88.00,2018-08-02 13:30:40.686986+00,
63,2132,1,$72.09,2018-08-02 13:30:40.686986+00,
63,3598,1,$127.80,2018-08-02 13:30:40.686986+00,
64,14923,1,$97.00,2018-08-02 13:30:40.686986+00,
64,13059,1,$74.40,2018-08-02 13:30:40.686986+00,
64,11708,1,$60.00,2018-08-02 13:30:40.686986+00,
64,8462,1,$32.40,2018-08-02 13:30:40.686986+00,
65,6376,1,$53.82,2018-08-02 13:30:40.686986+00,
65,10535,1,$94.80,2018-08-02 13:30:40.686986+00,
66,9177,1,$71.28,2018-08-02 13:30:40.686986+00,
66,8942,1,$147.00,2018-08-02 13:30:40.686986+00,
67,1662,1,$92.00,2018-08-02 13:30:40.686986+00,
67,2238,1,$123.48,2018-08-02 13:30:40.686986+00,
67,891,1,$116.16,2018-08-02 13:30:40.686986+00,
67,8974,1,$128.00,2018-08-02 13:30:40.686986+00,
67,7034,1,$83.00,2018-08-02 13:30:40.686986+00,
68,17934,1,$56.09,2018-08-02 13:30:40.686986+00,
68,1205,1,$41.40,2018-08-02 13:30:40.686986+00,
69,15686,1,$75.00,2018-08-02 13:30:40.686986+00,
69,4187,1,$100.33,2018-08-02 13:30:40.686986+00,
70,6823,1,$101.00,2018-08-02 13:30:40.686986+00,
70,15511,1,$97.58,2018-08-02 13:30:40.686986+00,
70,6087,1,$33.60,2018-08-02 13:30:40.686986+00,
70,13277,1,$52.00,2018-08-02 13:30:40.686986+00,
70,13529,1,$73.00,2018-08-02 13:30:40.686986+00,
71,15686,1,$75.00,2018-08-02 13:30:40.686986+00,
71,15540,1,$102.00,2018-08-02 13:30:40.686986+00,
72,11876,1,$63.00,2018-08-02 13:30:40.686986+00,
72,15516,1,$97.58,2018-08-02 13:30:40.686986+00,
72,8242,1,$116.00,2018-08-02 13:30:40.686986+00,
72,6186,1,$132.00,2018-08-02 13:30:40.686986+00,
73,7511,1,$135.00,2018-08-02 13:30:40.686986+00,
73,14099,1,$96.00,2018-08-02 13:30:40.686986+00,
73,3263,1,$141.00,2018-08-02 13:30:40.686986+00,
73,7807,1,$84.00,2018-08-02 13:30:40.686986+00,
73,9859,1,$86.58,2018-08-02 13:30:40.686986+00,
74,2679,1,$70.00,2018-08-02 13:30:40.686986+00,
74,17395,1,$118.75,2018-08-02 13:30:40.686986+00,
74,14905,1,$82.20,2018-08-02 13:30:40.686986+00,
75,8621,1,$51.00,2018-08-02 13:30:40.686986+00,
75,17885,1,$46.80,2018-08-02 13:30:40.686986+00,
76,9307,1,$95.00,2018-08-02 13:30:40.686986+00,
76,17655,1,$52.20,2018-08-02 13:30:40.686986+00,
76,17535,1,$104.00,2018-08-02 13:30:40.686986+00,
77,4493,1,$116.00,2018-08-02 13:30:40.686986+00,
77,4329,1,$65.40,2018-08-02 13:30:40.686986+00,
78,5880,1,$108.00,2018-08-02 13:30:40.686986+00,
78,15856,1,$60.45,2018-08-02 13:30:40.686986+00,
78,10826,1,$115.00,2018-08-02 13:30:40.686986+00,
78,1923,1,$147.00,2018-08-02 13:30:40.686986+00,
78,6368,1,$53.82,2018-08-02 13:30:40.686986+00,
79,11263,1,$113.00,2018-08-02 13:30:40.686986+00,
79,15308,1,$102.00,2018-08-02 13:30:40.686986+00,
79,957,1,$53.12,2018-08-02 13:30:40.686986+00,
79,13745,1,$78.39,2018-08-02 13:30:40.686986+00,
79,4791,1,$148.00,2018-08-02 13:30:40.686986+00,
80,18334,1,$145.00,2018-08-02 13:30:40.686986+00,
81,18207,1,$109.98,2018-08-02 13:30:40.686986+00,
81,16608,1,$79.54,2018-08-02 13:30:40.686986+00,
81,1320,1,$79.00,2018-08-02 13:30:40.686986+00,
82,5708,1,$78.00,2018-08-02 13:30:40.686986+00,
82,7854,1,$55.38,2018-08-02 13:30:40.686986+00,
82,10075,1,$106.00,2018-08-02 13:30:40.686986+00,
83,14813,1,$55.00,2018-08-02 13:30:40.686986+00,
83,12010,1,$72.96,2018-08-02 13:30:40.686986+00,
83,7369,1,$52.92,2018-08-02 13:30:40.686986+00,
83,3746,1,$135.00,2018-08-02 13:30:40.686986+00,
83,3750,1,$127.00,2018-08-02 13:30:40.686986+00,
84,10724,1,$87.75,2018-08-02 13:30:40.686986+00,
84,4787,1,$148.00,2018-08-02 13:30:40.686986+00,
85,16060,1,$56.00,2018-08-02 13:30:40.686986+00,
85,8717,1,$95.00,2018-08-02 13:30:40.686986+00,
85,11166,1,$48.00,2018-08-02 13:30:40.686986+00,
85,1755,1,$100.00,2018-08-02 13:30:40.686986+00,
86,8481,1,$116.62,2018-08-02 13:30:40.686986+00,
86,16819,1,$73.20,2018-08-02 13:30:40.686986+00,
87,6195,1,$132.00,2018-08-02 13:30:40.686986+00,
87,1960,1,$53.00,2018-08-02 13:30:40.686986+00,
87,10416,1,$114.00,2018-08-02 13:30:40.686986+00,
88,8671,1,$121.00,2018-08-02 13:30:40.686986+00,
89,14315,1,$66.75,2018-08-02 13:30:40.686986+00,
89,14317,1,$66.75,2018-08-02 13:30:40.686986+00,
89,8184,1,$80.00,2018-08-02 13:30:40.686986+00,
90,10410,1,$114.00,2018-08-02 13:30:40.686986+00,
91,13279,1,$52.00,2018-08-02 13:30:40.686986+00,
91,6530,1,$61.80,2018-08-02 13:30:40.686986+00,
91,5353,1,$123.00,2018-08-02 13:30:40.686986+00,
91,6052,1,$60.00,2018-08-02 13:30:40.686986+00,
91,15539,1,$102.00,2018-08-02 13:30:40.686986+00,
92,18445,1,$68.00,2018-08-02 13:30:40.686986+00,
92,8139,1,$73.92,2018-08-02 13:30:40.686986+00,
93,8772,1,$85.49,2018-08-02 13:30:40.686986+00,
93,9597,1,$99.00,2018-08-02 13:30:40.686986+00,
93,3364,1,$57.00,2018-08-02 13:30:40.686986+00,
93,6757,1,$50.41,2018-08-02 13:30:40.686986+00,
94,7815,1,$84.00,2018-08-02 13:30:40.686986+00,
94,10971,1,$131.00,2018-08-02 13:30:40.686986+00,
94,12635,1,$89.00,2018-08-02 13:30:40.686986+00,
94,6304,1,$89.27,2018-08-02 13:30:40.686986+00,
95,16895,1,$67.00,2018-08-02 13:30:40.686986+00,
95,13092,1,$47.40,2018-08-02 13:30:40.686986+00,
96,12941,1,$87.00,2018-08-02 13:30:40.686986+00,
96,13696,1,$115.37,2018-08-02 13:30:40.686986+00,
96,11115,1,$70.80,2018-08-02 13:30:40.686986+00,
96,15723,1,$55.00,2018-08-02 13:30:40.686986+00,
96,12413,1,$76.00,2018-08-02 13:30:40.686986+00,
97,7495,1,$135.00,2018-08-02 13:30:40.686986+00,
97,11139,1,$84.00,2018-08-02 13:30:40.686986+00,
97,15903,1,$72.00,2018-08-02 13:30:40.686986+00,
97,10167,1,$67.20,2018-08-02 13:30:40.686986+00,
98,12883,1,$47.40,2018-08-02 13:30:40.686986+00,
98,14317,1,$66.75,2018-08-02 13:30:40.686986+00,
98,2970,1,$72.00,2018-08-02 13:30:40.686986+00,
98,13931,1,$133.00,2018-08-02 13:30:40.686986+00,
98,8644,1,$68.00,2018-08-02 13:30:40.686986+00,
99,8390,1,$105.00,2018-08-02 13:30:40.686986+00,
99,6382,1,$53.82,2018-08-02 13:30:40.686986+00,
99,1280,1,$116.45,2018-08-02 13:30:40.686986+00,
99,18143,1,$147.00,2018-08-02 13:30:40.686986+00,
99,9966,1,$113.03,2018-08-02 13:30:40.686986+00,
100,6450,1,$82.20,2018-08-02 13:30:40.686986+00,
100,9290,1,$66.00,2018-08-02 13:30:40.686986+00,
100,15842,1,$60.45,2018-08-02 13:30:40.686986+00,
100,14025,1,$68.00,2018-08-02 13:30:40.686986+00,
100,10674,1,$43.20,2018-08-02 13:30:40.686986+00,
101,16831,1,$45.60,2018-08-02 13:30:40.686986+00,
101,7337,1,$44.73,2018-08-02 13:30:40.686986+00,
101,7289,1,$129.05,2018-08-02 13:30:40.686986+00,
102,8039,1,$69.00,2018-08-02 13:30:40.686986+00,
102,9183,1,$71.28,2018-08-02 13:30:40.686986+00,
103,11252,1,$86.00,2018-08-02 13:30:40.686986+00,
103,3996,1,$136.00,2018-08-02 13:30:40.686986+00,
103,14580,1,$104.00,2018-08-02 13:30:40.686986+00,
103,8534,1,$68.60,2018-08-02 13:30:40.686986+00,
104,2667,1,$70.00,2018-08-02 13:30:40.686986+00,
104,6841,1,$43.55,2018-08-02 13:30:40.686986+00,
104,3469,1,$133.00,2018-08-02 13:30:40.686986+00,
105,17884,1,$46.80,2018-08-02 13:30:40.686986+00,
105,18101,1,$69.00,2018-08-02 13:30:40.686986+00,
106,13060,1,$74.40,2018-08-02 13:30:40.686986+00,
106,8043,1,$69.00,2018-08-02 13:30:40.686986+00,
106,4488,1,$71.00,2018-08-02 13:30:40.686986+00,
106,18223,1,$118.80,2018-08-02 13:30:40.686986+00,
106,10042,1,$103.68,2018-08-02 13:30:40.686986+00,
107,8039,1,$69.00,2018-08-02 13:30:40.686986+00,
107,9188,1,$34.20,2018-08-02 13:30:40.686986+00,
108,13019,1,$86.70,2018-08-02 13:30:40.686986+00,
108,5577,1,$124.08,2018-08-02 13:30:40.686986+00,
109,2690,1,$118.30,2018-08-02 13:30:40.686986+00,
109,4266,1,$54.00,2018-08-02 13:30:40.686986+00,
109,7084,1,$96.39,2018-08-02 13:30:40.686986+00,
110,11474,1,$140.00,2018-08-02 13:30:40.686986+00,
110,11878,1,$63.00,2018-08-02 13:30:40.686986+00,
110,9096,1,$124.00,2018-08-02 13:30:40.686986+00,
111,1530,1,$87.84,2018-08-02 13:30:40.686986+00,
111,13230,1,$63.00,2018-08-02 13:30:40.686986+00,
111,3514,1,$83.40,2018-08-02 13:30:40.686986+00,
112,1274,1,$116.45,2018-08-02 13:30:40.686986+00,
112,6260,1,$129.00,2018-08-02 13:30:40.686986+00,
113,1763,1,$100.00,2018-08-02 13:30:40.686986+00,
113,7379,1,$95.14,2018-08-02 13:30:40.686986+00,
114,3791,1,$46.72,2018-08-02 13:30:40.686986+00,
114,17655,1,$52.20,2018-08-02 13:30:40.686986+00,
115,1854,1,$118.00,2018-08-02 13:30:40.686986+00,
115,3069,1,$107.00,2018-08-02 13:30:40.686986+00,
115,10782,1,$83.82,2018-08-02 13:30:40.686986+00,
115,7788,1,$39.00,2018-08-02 13:30:40.686986+00,
115,13816,1,$81.00,2018-08-02 13:30:40.686986+00,
116,13808,1,$32.13,2018-08-02 13:30:40.686986+00,
117,4303,1,$141.00,2018-08-02 13:30:40.686986+00,
117,4297,1,$141.00,2018-08-02 13:30:40.686986+00,
118,8968,1,$128.00,2018-08-02 13:30:40.686986+00,
118,7989,1,$73.92,2018-08-02 13:30:40.686986+00,
119,11209,1,$55.50,2018-08-02 13:30:40.686986+00,
120,5603,1,$105.00,2018-08-02 13:30:40.686986+00,
120,5504,1,$54.72,2018-08-02 13:30:40.686986+00,
120,3054,1,$62.00,2018-08-02 13:30:40.686986+00,
120,5737,1,$133.00,2018-08-02 13:30:40.686986+00,
120,18383,1,$51.30,2018-08-02 13:30:40.686986+00,
121,9651,1,$87.33,2018-08-02 13:30:40.686986+00,
121,858,1,$98.15,2018-08-02 13:30:40.686986+00,
121,2196,1,$117.18,2018-08-02 13:30:40.686986+00,
122,5011,1,$47.52,2018-08-02 13:30:40.686986+00,
122,5085,1,$47.40,2018-08-02 13:30:40.686986+00,
122,18227,1,$118.80,2018-08-02 13:30:40.686986+00,
122,2225,1,$117.60,2018-08-02 13:30:40.686986+00,
122,1662,1,$92.00,2018-08-02 13:30:40.686986+00,
123,14830,1,$57.00,2018-08-02 13:30:40.686986+00,
123,11433,1,$89.00,2018-08-02 13:30:40.686986+00,
123,3191,1,$150.00,2018-08-02 13:30:40.686986+00,
124,897,1,$116.16,2018-08-02 13:30:40.686986+00,
124,5513,1,$54.72,2018-08-02 13:30:40.686986+00,
125,4052,1,$146.00,2018-08-02 13:30:40.686986+00,
126,16577,1,$124.67,2018-08-02 13:30:40.686986+00,
126,16229,1,$55.08,2018-08-02 13:30:40.686986+00,
126,11598,1,$55.20,2018-08-02 13:30:40.686986+00,
126,14282,1,$140.00,2018-08-02 13:30:40.686986+00,
127,14628,1,$87.78,2018-08-02 13:30:40.686986+00,
127,1820,1,$104.00,2018-08-02 13:30:40.686986+00,
127,17894,1,$46.80,2018-08-02 13:30:40.686986+00,
127,13218,1,$107.00,2018-08-02 13:30:40.686986+00,
127,3588,1,$127.80,2018-08-02 13:30:40.686986+00,
128,5099,1,$70.31,2018-08-02 13:30:40.686986+00,
129,9627,1,$123.00,2018-08-02 13:30:40.686986+00,
130,7717,1,$61.00,2018-08-02 13:30:40.686986+00,
130,3407,1,$68.68,2018-08-02 13:30:40.686986+00,
130,15990,1,$99.56,2018-08-02 13:30:40.686986+00,
131,10522,1,$42.84,2018-08-02 13:30:40.686986+00,
132,8541,1,$68.60,2018-08-02 13:30:40.686986+00,
132,7474,1,$78.44,2018-08-02 13:30:40.686986+00,
132,7596,1,$112.34,2018-08-02 13:30:40.686986+00,
132,8615,1,$51.00,2018-08-02 13:30:40.686986+00,
133,3951,1,$84.00,2018-08-02 13:30:40.686986+00,
133,16841,1,$45.60,2018-08-02 13:30:40.686986+00,
134,14582,1,$104.00,2018-08-02 13:30:40.686986+00,
134,5253,1,$60.52,2018-08-02 13:30:40.686986+00,
134,9023,1,$136.00,2018-08-02 13:30:40.686986+00,
134,3379,1,$149.00,2018-08-02 13:30:40.686986+00,
134,3767,1,$122.00,2018-08-02 13:30:40.686986+00,
135,9508,1,$39.60,2018-08-02 13:30:40.686986+00,
135,14592,1,$104.00,2018-08-02 13:30:40.686986+00,
135,16122,1,$95.04,2018-08-02 13:30:40.686986+00,
135,12799,1,$73.20,2018-08-02 13:30:40.686986+00,
135,10745,1,$33.00,2018-08-02 13:30:40.686986+00,
136,14130,1,$123.00,2018-08-02 13:30:40.686986+00,
136,6407,1,$107.52,2018-08-02 13:30:40.686986+00,
136,2874,1,$35.51,2018-08-02 13:30:40.686986+00,
137,9437,1,$117.00,2018-08-02 13:30:40.686986+00,
137,9060,1,$50.70,2018-08-02 13:30:40.686986+00,
138,14182,1,$65.00,2018-08-02 13:30:40.686986+00,
138,9592,1,$99.00,2018-08-02 13:30:40.686986+00,
138,7789,1,$39.00,2018-08-02 13:30:40.686986+00,
139,11271,1,$113.00,2018-08-02 13:30:40.686986+00,
139,12902,1,$47.40,2018-08-02 13:30:40.686986+00,
139,8666,1,$121.00,2018-08-02 13:30:40.686986+00,
140,14157,1,$71.20,2018-08-02 13:30:40.686986+00,
140,12333,1,$94.00,2018-08-02 13:30:40.686986+00,
140,12527,1,$45.90,2018-08-02 13:30:40.686986+00,
141,3382,1,$149.00,2018-08-02 13:30:40.686986+00,
142,18379,1,$51.30,2018-08-02 13:30:40.686986+00,
142,17662,1,$43.35,2018-08-02 13:30:40.686986+00,
142,10181,1,$67.20,2018-08-02 13:30:40.686986+00,
143,17692,1,$64.50,2018-08-02 13:30:40.686986+00,
143,17809,1,$117.00,2018-08-02 13:30:40.686986+00,
144,5528,1,$147.00,2018-08-02 13:30:40.686986+00,
145,14625,1,$87.78,2018-08-02 13:30:40.686986+00,
145,14285,1,$140.00,2018-08-02 13:30:40.686986+00,
146,16587,1,$124.67,2018-08-02 13:30:40.686986+00,
146,18375,1,$64.00,2018-08-02 13:30:40.686986+00,
147,16558,1,$61.41,2018-08-02 13:30:40.686986+00,
148,2227,1,$117.60,2018-08-02 13:30:40.686986+00,
148,9603,1,$99.00,2018-08-02 13:30:40.686986+00,
149,13083,1,$47.40,2018-08-02 13:30:40.686986+00,
149,12884,1,$47.40,2018-08-02 13:30:40.686986+00,
149,9353,1,$74.12,2018-08-02 13:30:40.686986+00,
149,6110,1,$150.00,2018-08-02 13:30:40.686986+00,
149,14236,1,$48.00,2018-08-02 13:30:40.686986+00,
150,17480,1,$63.60,2018-08-02 13:30:40.686986+00,
151,13062,1,$74.40,2018-08-02 13:30:40.686986+00,
151,1766,1,$100.00,2018-08-02 13:30:40.686986+00,
151,4142,1,$57.42,2018-08-02 13:30:40.686986+00,
151,7688,1,$149.00,2018-08-02 13:30:40.686986+00,
152,15033,1,$52.20,2018-08-02 13:30:40.686986+00,
152,12689,1,$57.60,2018-08-02 13:30:40.686986+00,
152,9337,1,$83.16,2018-08-02 13:30:40.686986+00,
152,13265,1,$78.66,2018-08-02 13:30:40.686986+00,
152,8534,1,$68.60,2018-08-02 13:30:40.686986+00,
153,13997,1,$126.15,2018-08-02 13:30:40.686986+00,
154,2682,1,$70.00,2018-08-02 13:30:40.686986+00,
154,5358,1,$123.00,2018-08-02 13:30:40.686986+00,
155,16151,1,$89.00,2018-08-02 13:30:40.686986+00,
155,17967,1,$80.00,2018-08-02 13:30:40.686986+00,
156,1685,1,$66.50,2018-08-02 13:30:40.686986+00,
156,13533,1,$73.00,2018-08-02 13:30:40.686986+00,
156,5765,1,$143.00,2018-08-02 13:30:40.686986+00,
157,9548,1,$98.40,2018-08-02 13:30:40.686986+00,
157,17388,1,$118.75,2018-08-02 13:30:40.686986+00,
157,3072,1,$107.00,2018-08-02 13:30:40.686986+00,
157,3053,1,$62.00,2018-08-02 13:30:40.686986+00,
158,10044,1,$103.68,2018-08-02 13:30:40.686986+00,
158,16503,1,$105.00,2018-08-02 13:30:40.686986+00,
158,5722,1,$133.00,2018-08-02 13:30:40.686986+00,
158,3356,1,$57.00,2018-08-02 13:30:40.686986+00,
159,3291,1,$115.00,2018-08-02 13:30:40.686986+00,
159,17254,1,$109.89,2018-08-02 13:30:40.686986+00,
159,17833,1,$111.76,2018-08-02 13:30:40.686986+00,
159,5708,1,$78.00,2018-08-02 13:30:40.686986+00,
160,16922,1,$67.00,2018-08-02 13:30:40.686986+00,
160,17320,1,$94.08,2018-08-02 13:30:40.686986+00,
160,11205,1,$55.50,2018-08-02 13:30:40.686986+00,
160,7597,1,$112.34,2018-08-02 13:30:40.686986+00,
161,7477,1,$78.44,2018-08-02 13:30:40.686986+00,
162,17962,1,$80.00,2018-08-02 13:30:40.686986+00,
162,10297,1,$90.00,2018-08-02 13:30:40.686986+00,
162,17967,1,$80.00,2018-08-02 13:30:40.686986+00,
162,6627,1,$124.20,2018-08-02 13:30:40.686986+00,
163,7896,1,$71.19,2018-08-02 13:30:40.686986+00,
163,16627,1,$61.00,2018-08-02 13:30:40.686986+00,
164,13808,1,$32.13,2018-08-02 13:30:40.686986+00,
165,3553,1,$42.90,2018-08-02 13:30:40.686986+00,
165,5832,1,$62.64,2018-08-02 13:30:40.686986+00,
166,6586,1,$45.60,2018-08-02 13:30:40.686986+00,
166,17527,1,$116.00,2018-08-02 13:30:40.686986+00,
166,17403,1,$118.75,2018-08-02 13:30:40.686986+00,
166,7662,1,$35.84,2018-08-02 13:30:40.686986+00,
166,12926,1,$123.82,2018-08-02 13:30:40.686986+00,
167,17217,1,$140.00,2018-08-02 13:30:40.686986+00,
167,8623,1,$68.00,2018-08-02 13:30:40.686986+00,
168,6502,1,$97.00,2018-08-02 13:30:40.686986+00,
168,1496,1,$44.46,2018-08-02 13:30:40.686986+00,
168,14241,1,$48.00,2018-08-02 13:30:40.686986+00,
168,12491,1,$97.00,2018-08-02 13:30:40.686986+00,
168,11229,1,$86.00,2018-08-02 13:30:40.686986+00,
169,8806,1,$119.88,2018-08-02 13:30:40.686986+00,
169,8940,1,$147.00,2018-08-02 13:30:40.686986+00,
169,5472,1,$62.00,2018-08-02 13:30:40.686986+00,
170,4379,1,$118.00,2018-08-02 13:30:40.686986+00,
171,11114,1,$70.80,2018-08-02 13:30:40.686986+00,
171,13724,1,$53.12,2018-08-02 13:30:40.686986+00,
172,14226,1,$108.00,2018-08-02 13:30:40.686986+00,
172,5502,1,$54.72,2018-08-02 13:30:40.686986+00,
172,7129,1,$101.00,2018-08-02 13:30:40.686986+00,
172,12038,1,$56.05,2018-08-02 13:30:40.686986+00,
172,17716,1,$122.00,2018-08-02 13:30:40.686986+00,
173,12132,1,$76.00,2018-08-02 13:30:40.686986+00,
173,12119,1,$76.00,2018-08-02 13:30:40.686986+00,
174,9963,1,$113.03,2018-08-02 13:30:40.686986+00,
174,13960,1,$120.00,2018-08-02 13:30:40.686986+00,
174,7560,1,$88.00,2018-08-02 13:30:40.686986+00,
174,13731,1,$78.39,2018-08-02 13:30:40.686986+00,
175,10394,1,$67.20,2018-08-02 13:30:40.686986+00,
175,12163,1,$114.00,2018-08-02 13:30:40.686986+00,
175,3404,1,$68.68,2018-08-02 13:30:40.686986+00,
175,14555,1,$90.09,2018-08-02 13:30:40.686986+00,
175,1256,1,$36.92,2018-08-02 13:30:40.686986+00,
176,9884,1,$105.00,2018-08-02 13:30:40.686986+00,
177,5684,1,$109.00,2018-08-02 13:30:40.686986+00,
177,8797,1,$119.88,2018-08-02 13:30:40.686986+00,
177,1697,1,$52.65,2018-08-02 13:30:40.686986+00,
177,14824,1,$57.00,2018-08-02 13:30:40.686986+00,
177,1023,1,$82.20,2018-08-02 13:30:40.686986+00,
178,1881,1,$65.00,2018-08-02 13:30:40.686986+00,
178,7213,1,$72.45,2018-08-02 13:30:40.686986+00,
178,5078,1,$47.40,2018-08-02 13:30:40.686986+00,
179,7722,1,$56.00,2018-08-02 13:30:40.686986+00,
179,14906,1,$82.20,2018-08-02 13:30:40.686986+00,
179,2574,1,$116.10,2018-08-02 13:30:40.686986+00,
179,7676,1,$149.00,2018-08-02 13:30:40.686986+00,
179,1703,1,$52.65,2018-08-02 13:30:40.686986+00,
180,3600,1,$127.80,2018-08-02 13:30:40.686986+00,
180,10664,1,$43.20,2018-08-02 13:30:40.686986+00,
180,2835,1,$77.19,2018-08-02 13:30:40.686986+00,
181,10088,1,$106.00,2018-08-02 13:30:40.686986+00,
181,8612,1,$51.00,2018-08-02 13:30:40.686986+00,
181,5710,1,$78.00,2018-08-02 13:30:40.686986+00,
181,8788,1,$34.20,2018-08-02 13:30:40.686986+00,
182,2030,1,$76.14,2018-08-02 13:30:40.686986+00,
182,9704,1,$149.00,2018-08-02 13:30:40.686986+00,
182,6333,1,$123.00,2018-08-02 13:30:40.686986+00,
183,15337,1,$56.00,2018-08-02 13:30:40.686986+00,
183,1676,1,$66.50,2018-08-02 13:30:40.686986+00,
184,3386,1,$68.68,2018-08-02 13:30:40.686986+00,
184,1927,1,$147.00,2018-08-02 13:30:40.686986+00,
185,10752,1,$33.00,2018-08-02 13:30:40.686986+00,
186,5506,1,$54.72,2018-08-02 13:30:40.686986+00,
186,15805,1,$60.00,2018-08-02 13:30:40.686986+00,
187,13655,1,$122.00,2018-08-02 13:30:40.686986+00,
187,9179,1,$71.28,2018-08-02 13:30:40.686986+00,
187,12461,1,$51.60,2018-08-02 13:30:40.686986+00,
187,1207,1,$41.40,2018-08-02 13:30:40.686986+00,
187,3686,1,$121.00,2018-08-02 13:30:40.686986+00,
188,14346,1,$68.00,2018-08-02 13:30:40.686986+00,
188,1791,1,$113.05,2018-08-02 13:30:40.686986+00,
188,9541,1,$103.68,2018-08-02 13:30:40.686986+00,
188,11873,1,$63.00,2018-08-02 13:30:40.686986+00,
189,7227,1,$38.76,2018-08-02 13:30:40.686986+00,
190,18300,1,$74.55,2018-08-02 13:30:40.686986+00,
190,2517,1,$81.84,2018-08-02 13:30:40.686986+00,
190,5680,1,$109.00,2018-08-02 13:30:40.686986+00,
191,14861,1,$104.37,2018-08-02 13:30:40.686986+00,
191,6417,1,$107.52,2018-08-02 13:30:40.686986+00,
191,8601,1,$51.00,2018-08-02 13:30:40.686986+00,
192,3648,1,$76.36,2018-08-02 13:30:40.686986+00,
192,1045,1,$129.00,2018-08-02 13:30:40.686986+00,
192,9301,1,$66.00,2018-08-02 13:30:40.686986+00,
192,2836,1,$77.19,2018-08-02 13:30:40.686986+00,
192,8665,1,$121.00,2018-08-02 13:30:40.686986+00,
193,4378,1,$118.00,2018-08-02 13:30:40.686986+00,
193,1410,1,$94.25,2018-08-02 13:30:40.686986+00,
193,5264,1,$60.52,2018-08-02 13:30:40.686986+00,
193,5097,1,$70.31,2018-08-02 13:30:40.686986+00,
194,7557,1,$70.68,2018-08-02 13:30:40.686986+00,
194,14120,1,$123.00,2018-08-02 13:30:40.686986+00,
194,18041,1,$62.40,2018-08-02 13:30:40.686986+00,
194,5918,1,$79.00,2018-08-02 13:30:40.686986+00,
194,2889,1,$35.51,2018-08-02 13:30:40.686986+00,
195,3310,1,$36.00,2018-08-02 13:30:40.686986+00,
195,1351,1,$112.00,2018-08-02 13:30:40.686986+00,
195,18503,1,$99.00,2018-08-02 13:30:40.686986+00,
195,3955,1,$84.00,2018-08-02 13:30:40.686986+00,
196,6396,1,$53.82,2018-08-02 13:30:40.686986+00,
196,16583,1,$124.67,2018-08-02 13:30:40.686986+00,
197,8880,1,$56.00,2018-08-02 13:30:40.686986+00,
197,3416,1,$39.00,2018-08-02 13:30:40.686986+00,
197,15213,1,$92.07,2018-08-02 13:30:40.686986+00,
197,12416,1,$76.00,2018-08-02 13:30:40.686986+00,
197,16132,1,$95.04,2018-08-02 13:30:40.686986+00,
198,5544,1,$147.00,2018-08-02 13:30:40.686986+00,
198,6367,1,$107.21,2018-08-02 13:30:40.686986+00,
198,16894,1,$67.00,2018-08-02 13:30:40.686986+00,
198,1920,1,$147.00,2018-08-02 13:30:40.686986+00,
199,7682,1,$149.00,2018-08-02 13:30:40.686986+00,
199,1954,1,$53.00,2018-08-02 13:30:40.686986+00,
199,3187,1,$150.00,2018-08-02 13:30:40.686986+00,
199,2484,1,$59.00,2018-08-02 13:30:40.686986+00,
200,8916,1,$65.00,2018-08-02 13:30:40.686986+00,
200,10603,1,$85.00,2018-08-02 13:30:40.686986+00,
200,918,1,$137.00,2018-08-02 13:30:40.686986+00,
200,15221,1,$92.07,2018-08-02 13:30:40.686986+00,
201,16435,1,$88.00,2018-08-02 13:30:40.686986+00,
201,7917,1,$55.90,2018-08-02 13:30:40.686986+00,
202,15687,1,$75.00,2018-08-02 13:30:40.686986+00,
202,17116,1,$116.22,2018-08-02 13:30:40.686986+00,
202,5831,1,$62.64,2018-08-02 13:30:40.686986+00,
202,5679,1,$109.00,2018-08-02 13:30:40.686986+00,
202,10712,1,$78.60,2018-08-02 13:30:40.686986+00,
203,5234,1,$99.54,2018-08-02 13:30:40.686986+00,
204,17246,1,$109.89,2018-08-02 13:30:40.686986+00,
205,15236,1,$58.00,2018-08-02 13:30:40.686986+00,
205,10783,1,$83.82,2018-08-02 13:30:40.686986+00,
205,10024,1,$103.68,2018-08-02 13:30:40.686986+00,
205,2511,1,$81.84,2018-08-02 13:30:40.686986+00,
206,9656,1,$87.33,2018-08-02 13:30:40.686986+00,
206,2875,1,$35.51,2018-08-02 13:30:40.686986+00,
206,12485,1,$97.00,2018-08-02 13:30:40.686986+00,
206,2062,1,$133.00,2018-08-02 13:30:40.686986+00,
207,919,1,$137.00,2018-08-02 13:30:40.686986+00,
207,11856,1,$142.00,2018-08-02 13:30:40.686986+00,
207,7566,1,$88.00,2018-08-02 13:30:40.686986+00,
208,4050,1,$146.00,2018-08-02 13:30:40.686986+00,
208,12317,1,$51.30,2018-08-02 13:30:40.686986+00,
208,16129,1,$95.04,2018-08-02 13:30:40.686986+00,
208,14248,1,$48.00,2018-08-02 13:30:40.686986+00,
209,5834,1,$115.08,2018-08-02 13:30:40.686986+00,
210,9075,1,$50.70,2018-08-02 13:30:40.686986+00,
210,14550,1,$76.86,2018-08-02 13:30:40.686986+00,
210,1421,1,$94.25,2018-08-02 13:30:40.686986+00,
211,8452,1,$32.40,2018-08-02 13:30:40.686986+00,
211,7674,1,$149.00,2018-08-02 13:30:40.686986+00,
212,13245,1,$63.00,2018-08-02 13:30:40.686986+00,
212,12320,1,$51.30,2018-08-02 13:30:40.686986+00,
212,10857,1,$108.30,2018-08-02 13:30:40.686986+00,
212,18142,1,$147.00,2018-08-02 13:30:40.686986+00,
213,18491,1,$99.00,2018-08-02 13:30:40.686986+00,
213,11144,1,$84.00,2018-08-02 13:30:40.686986+00,
213,6837,1,$43.55,2018-08-02 13:30:40.686986+00,
213,18200,1,$109.98,2018-08-02 13:30:40.686986+00,
214,3968,1,$124.00,2018-08-02 13:30:40.686986+00,
214,15793,1,$60.00,2018-08-02 13:30:40.686986+00,
214,10482,1,$55.00,2018-08-02 13:30:40.686986+00,
214,8092,1,$115.00,2018-08-02 13:30:40.686986+00,
215,5555,1,$64.00,2018-08-02 13:30:40.686986+00,
215,4649,1,$61.20,2018-08-02 13:30:40.686986+00,
216,11114,1,$70.80,2018-08-02 13:30:40.686986+00,
216,14285,1,$140.00,2018-08-02 13:30:40.686986+00,
217,16811,1,$73.20,2018-08-02 13:30:40.686986+00,
218,14022,1,$68.00,2018-08-02 13:30:40.686986+00,
218,4551,1,$89.40,2018-08-02 13:30:40.686986+00,
218,9657,1,$87.33,2018-08-02 13:30:40.686986+00,
218,15289,1,$87.01,2018-08-02 13:30:40.686986+00,
218,12170,1,$114.00,2018-08-02 13:30:40.686986+00,
219,7419,1,$92.70,2018-08-02 13:30:40.686986+00,
220,10031,1,$103.68,2018-08-02 13:30:40.686986+00,
220,2542,1,$134.00,2018-08-02 13:30:40.686986+00,
220,5159,1,$54.00,2018-08-02 13:30:40.686986+00,
220,9427,1,$80.00,2018-08-02 13:30:40.686986+00,
220,3271,1,$141.00,2018-08-02 13:30:40.686986+00,
221,4034,1,$146.00,2018-08-02 13:30:40.686986+00,
221,14854,1,$104.37,2018-08-02 13:30:40.686986+00,
221,12489,1,$97.00,2018-08-02 13:30:40.686986+00,
221,11222,1,$55.50,2018-08-02 13:30:40.686986+00,
222,8787,1,$34.20,2018-08-02 13:30:40.686986+00,
222,9647,1,$87.33,2018-08-02 13:30:40.686986+00,
222,16659,1,$103.00,2018-08-02 13:30:40.686986+00,
223,13906,1,$39.00,2018-08-02 13:30:40.686986+00,
223,9127,1,$140.65,2018-08-02 13:30:40.686986+00,
224,10170,1,$67.20,2018-08-02 13:30:40.686986+00,
224,13276,1,$52.00,2018-08-02 13:30:40.686986+00,
225,10873,1,$88.00,2018-08-02 13:30:40.686986+00,
225,12493,1,$94.50,2018-08-02 13:30:40.686986+00,
225,913,1,$137.00,2018-08-02 13:30:40.686986+00,
226,17078,1,$59.94,2018-08-02 13:30:40.686986+00,
226,10804,1,$108.00,2018-08-02 13:30:40.686986+00,
226,9919,1,$114.55,2018-08-02 13:30:40.686986+00,
226,6604,1,$124.20,2018-08-02 13:30:40.686986+00,
227,12012,1,$72.96,2018-08-02 13:30:40.686986+00,
227,2631,1,$42.18,2018-08-02 13:30:40.686986+00,
228,7483,1,$103.00,2018-08-02 13:30:40.686986+00,
228,5060,1,$119.00,2018-08-02 13:30:40.686986+00,
228,9766,1,$107.00,2018-08-02 13:30:40.686986+00,
229,3267,1,$141.00,2018-08-02 13:30:40.686986+00,
229,5353,1,$123.00,2018-08-02 13:30:40.686986+00,
230,10329,1,$63.00,2018-08-02 13:30:40.686986+00,
230,12976,1,$63.00,2018-08-02 13:30:40.686986+00,
230,10158,1,$67.20,2018-08-02 13:30:40.686986+00,
230,13684,1,$55.08,2018-08-02 13:30:40.686986+00,
231,6393,1,$53.82,2018-08-02 13:30:40.686986+00,
231,3145,1,$99.00,2018-08-02 13:30:40.686986+00,
231,9063,1,$50.70,2018-08-02 13:30:40.686986+00,
232,10829,1,$115.00,2018-08-02 13:30:40.686986+00,
232,11901,1,$85.44,2018-08-02 13:30:40.686986+00,
232,1517,1,$145.00,2018-08-02 13:30:40.686986+00,
232,10260,1,$54.00,2018-08-02 13:30:40.686986+00,
232,17976,1,$63.00,2018-08-02 13:30:40.686986+00,
233,18286,1,$48.80,2018-08-02 13:30:40.686986+00,
233,15427,1,$111.60,2018-08-02 13:30:40.686986+00,
233,16563,1,$61.41,2018-08-02 13:30:40.686986+00,
234,9387,1,$114.81,2018-08-02 13:30:40.686986+00,
235,11804,1,$91.00,2018-08-02 13:30:40.686986+00,
235,15413,1,$111.60,2018-08-02 13:30:40.686986+00,
236,15019,1,$41.08,2018-08-02 13:30:40.686986+00,
236,7932,1,$78.60,2018-08-02 13:30:40.686986+00,
237,6526,1,$97.00,2018-08-02 13:30:40.686986+00,
237,2956,1,$78.02,2018-08-02 13:30:40.686986+00,
237,18141,1,$147.00,2018-08-02 13:30:40.686986+00,
238,18308,1,$74.55,2018-08-02 13:30:40.686986+00,
238,1743,1,$100.00,2018-08-02 13:30:40.686986+00,
239,11100,1,$70.80,2018-08-02 13:30:40.686986+00,
240,17674,1,$43.35,2018-08-02 13:30:40.686986+00,
240,7203,1,$72.45,2018-08-02 13:30:40.686986+00,
240,11136,1,$84.00,2018-08-02 13:30:40.686986+00,
240,15692,1,$75.00,2018-08-02 13:30:40.686986+00,
240,7462,1,$96.00,2018-08-02 13:30:40.686986+00,
241,8355,1,$128.00,2018-08-02 13:30:40.686986+00,
242,1812,1,$113.00,2018-08-02 13:30:40.686986+00,
242,15445,1,$55.89,2018-08-02 13:30:40.686986+00,
243,11426,1,$149.00,2018-08-02 13:30:40.686986+00,
243,4193,1,$139.00,2018-08-02 13:30:40.686986+00,
243,3426,1,$103.00,2018-08-02 13:30:40.686986+00,
243,5260,1,$60.52,2018-08-02 13:30:40.686986+00,
244,10403,1,$114.00,2018-08-02 13:30:40.686986+00,
244,13391,1,$60.30,2018-08-02 13:30:40.686986+00,
245,10726,1,$87.75,2018-08-02 13:30:40.686986+00,
245,11851,1,$142.00,2018-08-02 13:30:40.686986+00,
245,9225,1,$71.40,2018-08-02 13:30:40.686986+00,
245,9238,1,$71.40,2018-08-02 13:30:40.686986+00,
245,5922,1,$79.00,2018-08-02 13:30:40.686986+00,
246,12938,1,$87.00,2018-08-02 13:30:40.686986+00,
246,9578,1,$53.46,2018-08-02 13:30:40.686986+00,
246,1261,1,$36.92,2018-08-02 13:30:40.686986+00,
247,11466,1,$140.00,2018-08-02 13:30:40.686986+00,
248,15567,1,$63.24,2018-08-02 13:30:40.686986+00,
249,17913,1,$83.70,2018-08-02 13:30:40.686986+00,
249,6192,1,$132.00,2018-08-02 13:30:40.686986+00,
249,6684,1,$46.08,2018-08-02 13:30:40.686986+00,
249,4133,1,$57.42,2018-08-02 13:30:40.686986+00,
250,13076,1,$47.40,2018-08-02 13:30:40.686986+00,
251,12256,1,$72.00,2018-08-02 13:30:40.686986+00,
251,4044,1,$146.00,2018-08-02 13:30:40.686986+00,
251,14651,1,$87.78,2018-08-02 13:30:40.686986+00,
252,7705,1,$87.00,2018-08-02 13:30:40.686986+00,
252,9589,1,$99.00,2018-08-02 13:30:40.686986+00,
252,10158,1,$67.20,2018-08-02 13:30:40.686986+00,
253,8196,1,$80.00,2018-08-02 13:30:40.686986+00,
254,2939,1,$78.02,2018-08-02 13:30:40.686986+00,
254,5550,1,$64.00,2018-08-02 13:30:40.686986+00,
255,15343,1,$56.00,2018-08-02 13:30:40.686986+00,
255,10795,1,$108.00,2018-08-02 13:30:40.686986+00,
255,16253,1,$123.00,2018-08-02 13:30:40.686986+00,
255,6621,1,$124.20,2018-08-02 13:30:40.686986+00,
255,9490,1,$137.00,2018-08-02 13:30:40.686986+00,
256,6873,1,$130.00,2018-08-02 13:30:40.686986+00,
256,5617,1,$105.00,2018-08-02 13:30:40.686986+00,
256,13013,1,$86.70,2018-08-02 13:30:40.686986+00,
256,5355,1,$123.00,2018-08-02 13:30:40.686986+00,
257,1764,1,$100.00,2018-08-02 13:30:40.686986+00,
257,1748,1,$100.00,2018-08-02 13:30:40.686986+00,
258,9069,1,$50.70,2018-08-02 13:30:40.686986+00,
259,11442,1,$89.00,2018-08-02 13:30:40.686986+00,
259,17397,1,$118.75,2018-08-02 13:30:40.686986+00,
260,7488,1,$137.24,2018-08-02 13:30:40.686986+00,
260,16556,1,$61.41,2018-08-02 13:30:40.686986+00,
260,4078,1,$69.00,2018-08-02 13:30:40.686986+00,
260,9568,1,$68.00,2018-08-02 13:30:40.686986+00,
261,9799,1,$132.05,2018-08-02 13:30:40.686986+00,
262,7393,1,$95.14,2018-08-02 13:30:40.686986+00,
262,11136,1,$84.00,2018-08-02 13:30:40.686986+00,
262,5836,1,$115.08,2018-08-02 13:30:40.686986+00,
262,4965,1,$150.00,2018-08-02 13:30:40.686986+00,
263,3510,1,$83.40,2018-08-02 13:30:40.686986+00,
263,7550,1,$70.68,2018-08-02 13:30:40.686986+00,
263,3667,1,$36.60,2018-08-02 13:30:40.686986+00,
263,8652,1,$121.00,2018-08-02 13:30:40.686986+00,
263,7226,1,$38.76,2018-08-02 13:30:40.686986+00,
264,9912,1,$105.00,2018-08-02 13:30:40.686986+00,
265,14792,1,$74.42,2018-08-02 13:30:40.686986+00,
265,1595,1,$102.00,2018-08-02 13:30:40.686986+00,
265,3769,1,$122.00,2018-08-02 13:30:40.686986+00,
266,12885,1,$47.40,2018-08-02 13:30:40.686986+00,
266,8570,1,$70.56,2018-08-02 13:30:40.686986+00,
266,3518,1,$83.40,2018-08-02 13:30:40.686986+00,
266,3142,1,$99.00,2018-08-02 13:30:40.686986+00,
267,12797,1,$73.20,2018-08-02 13:30:40.686986+00,
268,2684,1,$118.30,2018-08-02 13:30:40.686986+00,
268,6094,1,$33.60,2018-08-02 13:30:40.686986+00,
269,16641,1,$86.24,2018-08-02 13:30:40.686986+00,
269,6113,1,$150.00,2018-08-02 13:30:40.686986+00,
269,12504,1,$94.50,2018-08-02 13:30:40.686986+00,
269,15217,1,$92.07,2018-08-02 13:30:40.686986+00,
269,10866,1,$88.00,2018-08-02 13:30:40.686986+00,
270,9369,1,$76.63,2018-08-02 13:30:40.686986+00,
270,10199,1,$45.58,2018-08-02 13:30:40.686986+00,
270,5071,1,$119.00,2018-08-02 13:30:40.686986+00,
271,4764,1,$83.72,2018-08-02 13:30:40.686986+00,
271,12504,1,$94.50,2018-08-02 13:30:40.686986+00,
272,17932,1,$56.09,2018-08-02 13:30:40.686986+00,
273,5240,1,$70.20,2018-08-02 13:30:40.686986+00,
273,7876,1,$107.00,2018-08-02 13:30:40.686986+00,
273,3025,1,$146.00,2018-08-02 13:30:40.686986+00,
273,11868,1,$63.00,2018-08-02 13:30:40.686986+00,
274,14324,1,$92.56,2018-08-02 13:30:40.686986+00,
274,12402,1,$79.68,2018-08-02 13:30:40.686986+00,
274,2125,1,$118.00,2018-08-02 13:30:40.686986+00,
274,15756,1,$80.00,2018-08-02 13:30:40.686986+00,
275,3430,1,$103.00,2018-08-02 13:30:40.686986+00,
276,17071,1,$59.94,2018-08-02 13:30:40.686986+00,
277,1388,1,$119.00,2018-08-02 13:30:40.686986+00,
277,13328,1,$99.00,2018-08-02 13:30:40.686986+00,
277,15031,1,$41.08,2018-08-02 13:30:40.686986+00,
277,10210,1,$45.58,2018-08-02 13:30:40.686986+00,
277,8776,1,$34.20,2018-08-02 13:30:40.686986+00,
278,17096,1,$135.00,2018-08-02 13:30:40.686986+00,
278,3042,1,$62.00,2018-08-02 13:30:40.686986+00,
278,9922,1,$114.55,2018-08-02 13:30:40.686986+00,
279,7439,1,$72.25,2018-08-02 13:30:40.686986+00,
280,17521,1,$116.00,2018-08-02 13:30:40.686986+00,
281,7397,1,$95.14,2018-08-02 13:30:40.686986+00,
281,3187,1,$150.00,2018-08-02 13:30:40.686986+00,
281,2305,1,$49.60,2018-08-02 13:30:40.686986+00,
281,6794,1,$95.40,2018-08-02 13:30:40.686986+00,
281,5720,1,$133.00,2018-08-02 13:30:40.686986+00,
282,7389,1,$95.14,2018-08-02 13:30:40.686986+00,
283,1806,1,$113.00,2018-08-02 13:30:40.686986+00,
283,3664,1,$36.60,2018-08-02 13:30:40.686986+00,
283,9397,1,$114.81,2018-08-02 13:30:40.686986+00,
283,8640,1,$68.00,2018-08-02 13:30:40.686986+00,
283,11917,1,$85.44,2018-08-02 13:30:40.686986+00,
284,10682,1,$110.00,2018-08-02 13:30:40.686986+00,
284,1923,1,$147.00,2018-08-02 13:30:40.686986+00,
284,4373,1,$118.00,2018-08-02 13:30:40.686986+00,
285,1502,1,$44.46,2018-08-02 13:30:40.686986+00,
285,2340,1,$73.00,2018-08-02 13:30:40.686986+00,
285,14713,1,$71.40,2018-08-02 13:30:40.686986+00,
285,916,1,$137.00,2018-08-02 13:30:40.686986+00,
285,16019,1,$68.85,2018-08-02 13:30:40.686986+00,
286,1877,1,$65.00,2018-08-02 13:30:40.686986+00,
286,3259,1,$141.00,2018-08-02 13:30:40.686986+00,
286,5752,1,$107.00,2018-08-02 13:30:40.686986+00,
286,11962,1,$137.00,2018-08-02 13:30:40.686986+00,
287,9244,1,$71.40,2018-08-02 13:30:40.686986+00,
287,16371,1,$119.97,2018-08-02 13:30:40.686986+00,
288,1951,1,$53.00,2018-08-02 13:30:40.686986+00,
288,11073,1,$64.00,2018-08-02 13:30:40.686986+00,
288,7289,1,$129.05,2018-08-02 13:30:40.686986+00,
288,8760,1,$85.49,2018-08-02 13:30:40.686986+00,
288,16463,1,$57.00,2018-08-02 13:30:40.686986+00,
289,11692,1,$59.00,2018-08-02 13:30:40.686986+00,
289,6529,1,$61.80,2018-08-02 13:30:40.686986+00,
289,6078,1,$33.60,2018-08-02 13:30:40.686986+00,
289,1344,1,$112.00,2018-08-02 13:30:40.686986+00,
290,9941,1,$114.55,2018-08-02 13:30:40.686986+00,
290,1891,1,$65.00,2018-08-02 13:30:40.686986+00,
291,6117,1,$150.00,2018-08-02 13:30:40.686986+00,
291,5539,1,$147.00,2018-08-02 13:30:40.686986+00,
291,5062,1,$119.00,2018-08-02 13:30:40.686986+00,
291,8881,1,$56.00,2018-08-02 13:30:40.686986+00,
291,12127,1,$76.00,2018-08-02 13:30:40.686986+00,
292,7853,1,$55.38,2018-08-02 13:30:40.686986+00,
292,6331,1,$67.00,2018-08-02 13:30:40.686986+00,
292,10694,1,$110.00,2018-08-02 13:30:40.686986+00,
292,7717,1,$61.00,2018-08-02 13:30:40.686986+00,
292,13092,1,$47.40,2018-08-02 13:30:40.686986+00,
293,3050,1,$62.00,2018-08-02 13:30:40.686986+00,
293,14175,1,$65.00,2018-08-02 13:30:40.686986+00,
294,15031,1,$41.08,2018-08-02 13:30:40.686986+00,
295,18448,1,$68.00,2018-08-02 13:30:40.686986+00,
296,11668,1,$104.00,2018-08-02 13:30:40.686986+00,
296,12706,1,$57.60,2018-08-02 13:30:40.686986+00,
296,8750,1,$108.57,2018-08-02 13:30:40.686986+00,
296,13331,1,$99.00,2018-08-02 13:30:40.686986+00,
296,9801,1,$132.05,2018-08-02 13:30:40.686986+00,
297,1318,1,$79.00,2018-08-02 13:30:40.686986+00,
297,9488,1,$137.00,2018-08-02 13:30:40.686986+00,
297,16844,1,$45.60,2018-08-02 13:30:40.686986+00,
297,14524,1,$134.83,2018-08-02 13:30:40.686986+00,
297,17118,1,$116.22,2018-08-02 13:30:40.686986+00,
298,3962,1,$84.00,2018-08-02 13:30:40.686986+00,
298,1669,1,$66.50,2018-08-02 13:30:40.686986+00,
299,4085,1,$69.00,2018-08-02 13:30:40.686986+00,
299,9849,1,$86.58,2018-08-02 13:30:40.686986+00,
299,17695,1,$64.50,2018-08-02 13:30:40.686986+00,
299,2211,1,$117.60,2018-08-02 13:30:40.686986+00,
299,15425,1,$111.60,2018-08-02 13:30:40.686986+00,
300,2171,1,$116.00,2018-08-02 13:30:40.686986+00,
301,17206,1,$94.77,2018-08-02 13:30:40.686986+00,
301,1675,1,$66.50,2018-08-02 13:30:40.686986+00,
301,15543,1,$102.00,2018-08-02 13:30:40.686986+00,
301,9165,1,$71.28,2018-08-02 13:30:40.686986+00,
302,7592,1,$112.34,2018-08-02 13:30:40.686986+00,
302,13803,1,$32.13,2018-08-02 13:30:40.686986+00,
303,12930,1,$87.00,2018-08-02 13:30:40.686986+00,
304,8493,1,$116.62,2018-08-02 13:30:40.686986+00,
304,6683,1,$46.08,2018-08-02 13:30:40.686986+00,
304,12201,1,$44.40,2018-08-02 13:30:40.686986+00,
305,830,1,$143.00,2018-08-02 13:30:40.686986+00,
305,16619,1,$61.00,2018-08-02 13:30:40.686986+00,
305,2973,1,$72.00,2018-08-02 13:30:40.686986+00,
306,6358,1,$107.21,2018-08-02 13:30:40.686986+00,
306,3584,1,$127.80,2018-08-02 13:30:40.686986+00,
306,8659,1,$121.00,2018-08-02 13:30:40.686986+00,
306,13838,1,$56.55,2018-08-02 13:30:40.686986+00,
306,10076,1,$106.00,2018-08-02 13:30:40.686986+00,
307,5156,1,$54.00,2018-08-02 13:30:40.686986+00,
307,2564,1,$114.00,2018-08-02 13:30:40.686986+00,
308,5777,1,$143.00,2018-08-02 13:30:40.686986+00,
308,2012,1,$107.00,2018-08-02 13:30:40.686986+00,
308,4402,1,$112.00,2018-08-02 13:30:40.686986+00,
308,6617,1,$124.20,2018-08-02 13:30:40.686986+00,
308,9202,1,$34.20,2018-08-02 13:30:40.686986+00,
309,5761,1,$107.00,2018-08-02 13:30:40.686986+00,
309,5008,1,$47.52,2018-08-02 13:30:40.686986+00,
309,1041,1,$82.20,2018-08-02 13:30:40.686986+00,
309,11727,1,$60.00,2018-08-02 13:30:40.686986+00,
310,8370,1,$81.00,2018-08-02 13:30:40.686986+00,
310,8187,1,$80.00,2018-08-02 13:30:40.686986+00,
310,15840,1,$60.45,2018-08-02 13:30:40.686986+00,
310,1922,1,$147.00,2018-08-02 13:30:40.686986+00,
310,12221,1,$59.00,2018-08-02 13:30:40.686986+00,
311,12840,1,$128.00,2018-08-02 13:30:40.686986+00,
311,3484,1,$133.00,2018-08-02 13:30:40.686986+00,
311,5028,1,$47.52,2018-08-02 13:30:40.686986+00,
311,5743,1,$107.00,2018-08-02 13:30:40.686986+00,
312,1584,1,$102.00,2018-08-02 13:30:40.686986+00,
313,6819,1,$101.00,2018-08-02 13:30:40.686986+00,
313,6638,1,$84.28,2018-08-02 13:30:40.686986+00,
313,14937,1,$97.00,2018-08-02 13:30:40.686986+00,
314,1590,1,$102.00,2018-08-02 13:30:40.686986+00,
314,976,1,$53.12,2018-08-02 13:30:40.686986+00,
314,9638,1,$87.33,2018-08-02 13:30:40.686986+00,
314,9731,1,$133.00,2018-08-02 13:30:40.686986+00,
315,8461,1,$32.40,2018-08-02 13:30:40.686986+00,
315,6802,1,$95.40,2018-08-02 13:30:40.686986+00,
315,7204,1,$72.45,2018-08-02 13:30:40.686986+00,
315,16381,1,$67.80,2018-08-02 13:30:40.686986+00,
315,18002,1,$134.00,2018-08-02 13:30:40.686986+00,
316,865,1,$98.15,2018-08-02 13:30:40.686986+00,
317,10084,1,$106.00,2018-08-02 13:30:40.686986+00,
317,8574,1,$70.56,2018-08-02 13:30:40.686986+00,
317,16739,1,$94.76,2018-08-02 13:30:40.686986+00,
317,10863,1,$88.00,2018-08-02 13:30:40.686986+00,
317,8568,1,$70.56,2018-08-02 13:30:40.686986+00,
318,2070,1,$125.00,2018-08-02 13:30:40.686986+00,
319,18202,1,$109.98,2018-08-02 13:30:40.686986+00,
319,3038,1,$62.00,2018-08-02 13:30:40.686986+00,
319,10809,1,$108.00,2018-08-02 13:30:40.686986+00,
319,10959,1,$131.00,2018-08-02 13:30:40.686986+00,
320,9548,1,$98.40,2018-08-02 13:30:40.686986+00,
320,4141,1,$57.42,2018-08-02 13:30:40.686986+00,
320,17568,1,$115.00,2018-08-02 13:30:40.686986+00,
321,13150,1,$39.00,2018-08-02 13:30:40.686986+00,
322,15563,1,$63.24,2018-08-02 13:30:40.686986+00,
322,18322,1,$145.00,2018-08-02 13:30:40.686986+00,
322,8400,1,$105.00,2018-08-02 13:30:40.686986+00,
322,11561,1,$41.04,2018-08-02 13:30:40.686986+00,
322,8626,1,$68.00,2018-08-02 13:30:40.686986+00,
323,6410,1,$107.52,2018-08-02 13:30:40.686986+00,
323,9370,1,$76.63,2018-08-02 13:30:40.686986+00,
324,11636,1,$92.00,2018-08-02 13:30:40.686986+00,
324,15595,1,$78.88,2018-08-02 13:30:40.686986+00,
324,7484,1,$103.00,2018-08-02 13:30:40.686986+00,
324,8410,1,$105.00,2018-08-02 13:30:40.686986+00,
325,13018,1,$86.70,2018-08-02 13:30:40.686986+00,
325,2122,1,$118.00,2018-08-02 13:30:40.686986+00,
325,16504,1,$105.00,2018-08-02 13:30:40.686986+00,
326,3089,1,$142.00,2018-08-02 13:30:40.686986+00,
326,2552,1,$127.00,2018-08-02 13:30:40.686986+00,
326,16126,1,$95.04,2018-08-02 13:30:40.686986+00,
327,2232,1,$117.60,2018-08-02 13:30:40.686986+00,
328,15028,1,$41.08,2018-08-02 13:30:40.686986+00,
328,16166,1,$38.94,2018-08-02 13:30:40.686986+00,
328,5795,1,$75.65,2018-08-02 13:30:40.686986+00,
328,11235,1,$86.00,2018-08-02 13:30:40.686986+00,
329,8152,1,$73.92,2018-08-02 13:30:40.686986+00,
329,15174,1,$140.00,2018-08-02 13:30:40.686986+00,
329,2444,1,$54.00,2018-08-02 13:30:40.686986+00,
329,11669,1,$104.00,2018-08-02 13:30:40.686986+00,
330,12494,1,$94.50,2018-08-02 13:30:40.686986+00,
330,9334,1,$83.16,2018-08-02 13:30:40.686986+00,
331,8073,1,$113.00,2018-08-02 13:30:40.686986+00,
331,4049,1,$146.00,2018-08-02 13:30:40.686986+00,
332,7281,1,$129.05,2018-08-02 13:30:40.686986+00,
332,1194,1,$41.40,2018-08-02 13:30:40.686986+00,
332,2167,1,$116.00,2018-08-02 13:30:40.686986+00,
332,13309,1,$96.60,2018-08-02 13:30:40.686986+00,
333,3783,1,$122.00,2018-08-02 13:30:40.686986+00,
333,16659,1,$103.00,2018-08-02 13:30:40.686986+00,
333,8399,1,$105.00,2018-08-02 13:30:40.686986+00,
333,3606,1,$53.82,2018-08-02 13:30:40.686986+00,
333,3879,1,$148.00,2018-08-02 13:30:40.686986+00,
334,2012,1,$107.00,2018-08-02 13:30:40.686986+00,
334,9923,1,$114.55,2018-08-02 13:30:40.686986+00,
334,17079,1,$59.94,2018-08-02 13:30:40.686986+00,
334,6305,1,$89.27,2018-08-02 13:30:40.686986+00,
335,17407,1,$118.75,2018-08-02 13:30:40.686986+00,
336,5158,1,$54.00,2018-08-02 13:30:40.686986+00,
336,1949,1,$53.00,2018-08-02 13:30:40.686986+00,
337,3060,1,$62.00,2018-08-02 13:30:40.686986+00,
337,2739,1,$54.32,2018-08-02 13:30:40.686986+00,
337,14606,1,$108.23,2018-08-02 13:30:40.686986+00,
338,5493,1,$48.84,2018-08-02 13:30:40.686986+00,
338,5191,1,$104.40,2018-08-02 13:30:40.686986+00,
338,12392,1,$79.68,2018-08-02 13:30:40.686986+00,
338,14153,1,$71.20,2018-08-02 13:30:40.686986+00,
339,12805,1,$73.20,2018-08-02 13:30:40.686986+00,
339,8916,1,$65.00,2018-08-02 13:30:40.686986+00,
339,17006,1,$78.00,2018-08-02 13:30:40.686986+00,
339,4784,1,$148.00,2018-08-02 13:30:40.686986+00,
340,2019,1,$67.80,2018-08-02 13:30:40.686986+00,
340,3664,1,$36.60,2018-08-02 13:30:40.686986+00,
340,11905,1,$85.44,2018-08-02 13:30:40.686986+00,
340,11250,1,$86.00,2018-08-02 13:30:40.686986+00,
340,15040,1,$52.20,2018-08-02 13:30:40.686986+00,
341,18095,1,$39.00,2018-08-02 13:30:40.686986+00,
341,10724,1,$87.75,2018-08-02 13:30:40.686986+00,
341,1248,1,$36.92,2018-08-02 13:30:40.686986+00,
341,14274,1,$140.00,2018-08-02 13:30:40.686986+00,
341,6397,1,$53.82,2018-08-02 13:30:40.686986+00,
342,2459,1,$89.64,2018-08-02 13:30:40.686986+00,
342,8400,1,$105.00,2018-08-02 13:30:40.686986+00,
342,3527,1,$44.20,2018-08-02 13:30:40.686986+00,
342,4041,1,$146.00,2018-08-02 13:30:40.686986+00,
343,10859,1,$108.30,2018-08-02 13:30:40.686986+00,
343,9155,1,$120.00,2018-08-02 13:30:40.686986+00,
343,15581,1,$78.88,2018-08-02 13:30:40.686986+00,
344,7496,1,$135.00,2018-08-02 13:30:40.686986+00,
344,9938,1,$114.55,2018-08-02 13:30:40.686986+00,
344,7987,1,$73.92,2018-08-02 13:30:40.686986+00,
344,14396,1,$63.00,2018-08-02 13:30:40.686986+00,
344,8772,1,$85.49,2018-08-02 13:30:40.686986+00,
345,14131,1,$123.00,2018-08-02 13:30:40.686986+00,
345,18036,1,$62.40,2018-08-02 13:30:40.686986+00,
345,3610,1,$53.82,2018-08-02 13:30:40.686986+00,
345,13716,1,$53.12,2018-08-02 13:30:40.686986+00,
345,15672,1,$65.00,2018-08-02 13:30:40.686986+00,
346,9403,1,$80.00,2018-08-02 13:30:40.686986+00,
346,17155,1,$83.66,2018-08-02 13:30:40.686986+00,
346,7699,1,$87.00,2018-08-02 13:30:40.686986+00,
346,3045,1,$62.00,2018-08-02 13:30:40.686986+00,
346,3266,1,$141.00,2018-08-02 13:30:40.686986+00,
347,14609,1,$108.23,2018-08-02 13:30:40.686986+00,
347,17390,1,$118.75,2018-08-02 13:30:40.686986+00,
347,6621,1,$124.20,2018-08-02 13:30:40.686986+00,
347,3339,1,$82.20,2018-08-02 13:30:40.686986+00,
348,1817,1,$104.00,2018-08-02 13:30:40.686986+00,
348,7715,1,$61.00,2018-08-02 13:30:40.686986+00,
349,1442,1,$116.00,2018-08-02 13:30:40.686986+00,
349,5352,1,$123.00,2018-08-02 13:30:40.686986+00,
349,13378,1,$60.30,2018-08-02 13:30:40.686986+00,
350,13830,1,$81.00,2018-08-02 13:30:40.686986+00,
351,4716,1,$84.00,2018-08-02 13:30:40.686986+00,
351,9385,1,$114.81,2018-08-02 13:30:40.686986+00,
351,3879,1,$148.00,2018-08-02 13:30:40.686986+00,
351,7856,1,$55.38,2018-08-02 13:30:40.686986+00,
352,5237,1,$99.54,2018-08-02 13:30:40.686986+00,
352,15419,1,$111.60,2018-08-02 13:30:40.686986+00,
352,12635,1,$89.00,2018-08-02 13:30:40.686986+00,
352,3506,1,$53.20,2018-08-02 13:30:40.686986+00,
353,3505,1,$53.20,2018-08-02 13:30:40.686986+00,
353,6179,1,$132.00,2018-08-02 13:30:40.686986+00,
353,7803,1,$84.00,2018-08-02 13:30:40.686986+00,
354,17578,1,$115.00,2018-08-02 13:30:40.686986+00,
355,10638,1,$126.00,2018-08-02 13:30:40.686986+00,
355,16717,1,$103.00,2018-08-02 13:30:40.686986+00,
355,14634,1,$87.78,2018-08-02 13:30:40.686986+00,
356,7088,1,$96.39,2018-08-02 13:30:40.686986+00,
356,4169,1,$122.00,2018-08-02 13:30:40.686986+00,
356,6854,1,$43.55,2018-08-02 13:30:40.686986+00,
356,7664,1,$35.84,2018-08-02 13:30:40.686986+00,
357,1289,1,$116.45,2018-08-02 13:30:40.686986+00,
357,13213,1,$107.00,2018-08-02 13:30:40.686986+00,
357,4767,1,$83.72,2018-08-02 13:30:40.686986+00,
357,6636,1,$83.00,2018-08-02 13:30:40.686986+00,
357,12697,1,$57.60,2018-08-02 13:30:40.686986+00,
358,9774,1,$107.00,2018-08-02 13:30:40.686986+00,
358,10087,1,$106.00,2018-08-02 13:30:40.686986+00,
359,4054,1,$62.00,2018-08-02 13:30:40.686986+00,
359,15855,1,$60.45,2018-08-02 13:30:40.686986+00,
360,12855,1,$128.00,2018-08-02 13:30:40.686986+00,
361,12572,1,$77.42,2018-08-02 13:30:40.686986+00,
361,13096,1,$47.40,2018-08-02 13:30:40.686986+00,
362,17994,1,$134.00,2018-08-02 13:30:40.686986+00,
362,9185,1,$71.28,2018-08-02 13:30:40.686986+00,
362,5767,1,$143.00,2018-08-02 13:30:40.686986+00,
362,11320,1,$148.00,2018-08-02 13:30:40.686986+00,
362,8766,1,$85.49,2018-08-02 13:30:40.686986+00,
363,6333,1,$123.00,2018-08-02 13:30:40.686986+00,
364,10602,1,$85.00,2018-08-02 13:30:40.686986+00,
364,13078,1,$47.40,2018-08-02 13:30:40.686986+00,
364,4641,1,$71.00,2018-08-02 13:30:40.686986+00,
364,16428,1,$88.00,2018-08-02 13:30:40.686986+00,
365,14374,1,$44.25,2018-08-02 13:30:40.686986+00,
366,14020,1,$68.00,2018-08-02 13:30:40.686986+00,
366,17876,1,$117.00,2018-08-02 13:30:40.686986+00,
366,11669,1,$104.00,2018-08-02 13:30:40.686986+00,
367,948,1,$102.40,2018-08-02 13:30:40.686986+00,
367,7500,1,$135.00,2018-08-02 13:30:40.686986+00,
367,12008,1,$72.96,2018-08-02 13:30:40.686986+00,
367,8269,1,$131.60,2018-08-02 13:30:40.686986+00,
368,9195,1,$34.20,2018-08-02 13:30:40.686986+00,
368,16810,1,$73.20,2018-08-02 13:30:40.686986+00,
369,13196,1,$45.60,2018-08-02 13:30:40.686986+00,
369,9063,1,$50.70,2018-08-02 13:30:40.686986+00,
369,18129,1,$147.00,2018-08-02 13:30:40.686986+00,
369,6371,1,$53.82,2018-08-02 13:30:40.686986+00,
370,3674,1,$121.00,2018-08-02 13:30:40.686986+00,
370,15236,1,$58.00,2018-08-02 13:30:40.686986+00,
371,13749,1,$78.39,2018-08-02 13:30:40.686986+00,
371,9231,1,$71.40,2018-08-02 13:30:40.686986+00,
372,2339,1,$73.00,2018-08-02 13:30:40.686986+00,
372,8910,1,$65.00,2018-08-02 13:30:40.686986+00,
372,7948,1,$66.00,2018-08-02 13:30:40.686986+00,
372,2940,1,$78.02,2018-08-02 13:30:40.686986+00,
372,12170,1,$114.00,2018-08-02 13:30:40.686986+00,
373,6486,1,$44.40,2018-08-02 13:30:40.686986+00,
373,6646,1,$84.28,2018-08-02 13:30:40.686986+00,
373,17911,1,$83.70,2018-08-02 13:30:40.686986+00,
373,7165,1,$132.30,2018-08-02 13:30:40.686986+00,
374,13711,1,$53.12,2018-08-02 13:30:40.686986+00,
375,9641,1,$87.33,2018-08-02 13:30:40.686986+00,
375,13029,1,$75.00,2018-08-02 13:30:40.686986+00,
375,13028,1,$75.00,2018-08-02 13:30:40.686986+00,
375,9239,1,$71.40,2018-08-02 13:30:40.686986+00,
376,13684,1,$55.08,2018-08-02 13:30:40.686986+00,
376,11458,1,$89.00,2018-08-02 13:30:40.686986+00,
376,17518,1,$116.00,2018-08-02 13:30:40.686986+00,
377,15304,1,$102.00,2018-08-02 13:30:40.686986+00,
377,12120,1,$76.00,2018-08-02 13:30:40.686986+00,
377,16181,1,$38.94,2018-08-02 13:30:40.686986+00,
378,4077,1,$69.00,2018-08-02 13:30:40.686986+00,
378,3902,1,$122.00,2018-08-02 13:30:40.686986+00,
379,3950,1,$84.00,2018-08-02 13:30:40.686986+00,
379,11699,1,$64.40,2018-08-02 13:30:40.686986+00,
380,10020,1,$103.68,2018-08-02 13:30:40.686986+00,
380,896,1,$116.16,2018-08-02 13:30:40.686986+00,
380,8034,1,$69.00,2018-08-02 13:30:40.686986+00,
380,17961,1,$80.00,2018-08-02 13:30:40.686986+00,
380,14780,1,$149.00,2018-08-02 13:30:40.686986+00,
381,4073,1,$69.00,2018-08-02 13:30:40.686986+00,
381,3967,1,$84.00,2018-08-02 13:30:40.686986+00,
382,13203,1,$107.00,2018-08-02 13:30:40.686986+00,
382,7475,1,$78.44,2018-08-02 13:30:40.686986+00,
382,1828,1,$104.00,2018-08-02 13:30:40.686986+00,
383,9511,1,$39.60,2018-08-02 13:30:40.686986+00,
383,7443,1,$72.25,2018-08-02 13:30:40.686986+00,
383,17256,1,$109.89,2018-08-02 13:30:40.686986+00,
383,1934,1,$147.00,2018-08-02 13:30:40.686986+00,
383,10553,1,$94.80,2018-08-02 13:30:40.686986+00,
384,17780,1,$111.00,2018-08-02 13:30:40.686986+00,
384,11731,1,$60.00,2018-08-02 13:30:40.686986+00,
385,16486,1,$105.00,2018-08-02 13:30:40.686986+00,
385,18308,1,$74.55,2018-08-02 13:30:40.686986+00,
385,7676,1,$149.00,2018-08-02 13:30:40.686986+00,
385,1198,1,$41.40,2018-08-02 13:30:40.686986+00,
386,7479,1,$103.00,2018-08-02 13:30:40.686986+00,
386,13144,1,$39.00,2018-08-02 13:30:40.686986+00,
386,15299,1,$102.00,2018-08-02 13:30:40.686986+00,
386,17369,1,$59.00,2018-08-02 13:30:40.686986+00,
386,3414,1,$39.00,2018-08-02 13:30:40.686986+00,
387,11709,1,$60.00,2018-08-02 13:30:40.686986+00,
388,11907,1,$85.44,2018-08-02 13:30:40.686986+00,
388,9330,1,$83.16,2018-08-02 13:30:40.686986+00,
389,2458,1,$89.64,2018-08-02 13:30:40.686986+00,
389,8746,1,$108.57,2018-08-02 13:30:40.686986+00,
389,9305,1,$95.00,2018-08-02 13:30:40.686986+00,
389,5634,1,$130.00,2018-08-02 13:30:40.686986+00,
390,2347,1,$73.00,2018-08-02 13:30:40.686986+00,
390,854,1,$98.15,2018-08-02 13:30:40.686986+00,
391,15796,1,$60.00,2018-08-02 13:30:40.686986+00,
392,8721,1,$95.00,2018-08-02 13:30:40.686986+00,
393,5020,1,$47.52,2018-08-02 13:30:40.686986+00,
393,7369,1,$52.92,2018-08-02 13:30:40.686986+00,
393,1025,1,$82.20,2018-08-02 13:30:40.686986+00,
393,7424,1,$92.70,2018-08-02 13:30:40.686986+00,
394,14545,1,$76.86,2018-08-02 13:30:40.686986+00,
394,10671,1,$43.20,2018-08-02 13:30:40.686986+00,
394,9072,1,$50.70,2018-08-02 13:30:40.686986+00,
395,929,1,$102.40,2018-08-02 13:30:40.686986+00,
395,17936,1,$56.09,2018-08-02 13:30:40.686986+00,
396,12007,1,$72.96,2018-08-02 13:30:40.686986+00,
396,16824,1,$73.20,2018-08-02 13:30:40.686986+00,
396,4831,1,$83.40,2018-08-02 13:30:40.686986+00,
397,3461,1,$80.00,2018-08-02 13:30:40.686986+00,
397,5501,1,$54.72,2018-08-02 13:30:40.686986+00,
398,7288,1,$129.05,2018-08-02 13:30:40.686986+00,
398,6898,1,$130.00,2018-08-02 13:30:40.686986+00,
399,9319,1,$83.16,2018-08-02 13:30:40.686986+00,
400,9189,1,$34.20,2018-08-02 13:30:40.686986+00,
401,14561,1,$90.09,2018-08-02 13:30:40.686986+00,
401,6118,1,$150.00,2018-08-02 13:30:40.686986+00,
401,2892,1,$35.51,2018-08-02 13:30:40.686986+00,
401,13334,1,$99.00,2018-08-02 13:30:40.686986+00,
401,13917,1,$39.00,2018-08-02 13:30:40.686986+00,
402,2472,1,$89.64,2018-08-02 13:30:40.686986+00,
403,16628,1,$86.24,2018-08-02 13:30:40.686986+00,
403,1591,1,$102.00,2018-08-02 13:30:40.686986+00,
403,13267,1,$78.66,2018-08-02 13:30:40.686986+00,
403,5454,1,$64.24,2018-08-02 13:30:40.686986+00,
403,5095,1,$70.31,2018-08-02 13:30:40.686986+00,
404,8361,1,$37.82,2018-08-02 13:30:40.686986+00,
405,2878,1,$35.51,2018-08-02 13:30:40.686986+00,
405,6722,1,$88.58,2018-08-02 13:30:40.686986+00,
405,8613,1,$51.00,2018-08-02 13:30:40.686986+00,
406,18089,1,$39.00,2018-08-02 13:30:40.686986+00,
406,13210,1,$107.00,2018-08-02 13:30:40.686986+00,
407,935,1,$102.40,2018-08-02 13:30:40.686986+00,
407,10774,1,$83.82,2018-08-02 13:30:40.686986+00,
407,1965,1,$53.00,2018-08-02 13:30:40.686986+00,
408,4175,1,$122.00,2018-08-02 13:30:40.686986+00,
408,3465,1,$80.00,2018-08-02 13:30:40.686986+00,
408,3724,1,$135.00,2018-08-02 13:30:40.686986+00,
408,1892,1,$65.00,2018-08-02 13:30:40.686986+00,
409,15699,1,$75.00,2018-08-02 13:30:40.686986+00,
409,18152,1,$92.16,2018-08-02 13:30:40.686986+00,
409,14347,1,$68.00,2018-08-02 13:30:40.686986+00,
410,10595,1,$85.00,2018-08-02 13:30:40.686986+00,
410,16714,1,$103.00,2018-08-02 13:30:40.686986+00,
410,7540,1,$88.00,2018-08-02 13:30:40.686986+00,
410,5802,1,$75.65,2018-08-02 13:30:40.686986+00,
411,14940,1,$106.92,2018-08-02 13:30:40.686986+00,
412,2677,1,$70.00,2018-08-02 13:30:40.686986+00,
413,10167,1,$67.20,2018-08-02 13:30:40.686986+00,
414,14835,1,$57.00,2018-08-02 13:30:40.686986+00,
414,7392,1,$95.14,2018-08-02 13:30:40.686986+00,
414,4170,1,$122.00,2018-08-02 13:30:40.686986+00,
414,16605,1,$79.54,2018-08-02 13:30:40.686986+00,
415,11702,1,$64.40,2018-08-02 13:30:40.686986+00,
415,13067,1,$74.40,2018-08-02 13:30:40.686986+00,
415,13427,1,$76.80,2018-08-02 13:30:40.686986+00,
415,13605,1,$53.00,2018-08-02 13:30:40.686986+00,
416,6854,1,$43.55,2018-08-02 13:30:40.686986+00,
417,1801,1,$113.00,2018-08-02 13:30:40.686986+00,
417,5866,1,$126.84,2018-08-02 13:30:40.686986+00,
417,12892,1,$47.40,2018-08-02 13:30:40.686986+00,
418,1952,1,$53.00,2018-08-02 13:30:40.686986+00,
418,2543,1,$63.60,2018-08-02 13:30:40.686986+00,
418,3300,1,$36.00,2018-08-02 13:30:40.686986+00,
418,2348,1,$148.00,2018-08-02 13:30:40.686986+00,
418,8257,1,$116.00,2018-08-02 13:30:40.686986+00,
419,9887,1,$105.00,2018-08-02 13:30:40.686986+00,
419,4159,1,$84.00,2018-08-02 13:30:40.686986+00,
420,11215,1,$55.50,2018-08-02 13:30:40.686986+00,
421,2450,1,$54.00,2018-08-02 13:30:40.686986+00,
421,10734,1,$87.75,2018-08-02 13:30:40.686986+00,
422,16505,1,$105.00,2018-08-02 13:30:40.686986+00,
422,5762,1,$107.00,2018-08-02 13:30:40.686986+00,
422,2918,1,$101.70,2018-08-02 13:30:40.686986+00,
422,11448,1,$89.00,2018-08-02 13:30:40.686986+00,
422,13373,1,$60.30,2018-08-02 13:30:40.686986+00,
423,11478,1,$140.00,2018-08-02 13:30:40.686986+00,
423,3577,1,$42.90,2018-08-02 13:30:40.686986+00,
423,11941,1,$144.54,2018-08-02 13:30:40.686986+00,
423,6798,1,$95.40,2018-08-02 13:30:40.686986+00,
423,12007,1,$72.96,2018-08-02 13:30:40.686986+00,
424,8189,1,$80.00,2018-08-02 13:30:40.686986+00,
424,18338,1,$145.00,2018-08-02 13:30:40.686986+00,
424,7709,1,$61.00,2018-08-02 13:30:40.686986+00,
424,16787,1,$99.12,2018-08-02 13:30:40.686986+00,
425,6523,1,$97.00,2018-08-02 13:30:40.686986+00,
425,3390,1,$68.68,2018-08-02 13:30:40.686986+00,
426,18105,1,$69.00,2018-08-02 13:30:40.686986+00,
426,6919,1,$93.00,2018-08-02 13:30:40.686986+00,
426,3878,1,$148.00,2018-08-02 13:30:40.686986+00,
426,3892,1,$148.00,2018-08-02 13:30:40.686986+00,
427,18163,1,$86.00,2018-08-02 13:30:40.686986+00,
427,2353,1,$148.00,2018-08-02 13:30:40.686986+00,
427,6737,1,$130.00,2018-08-02 13:30:40.686986+00,
428,10682,1,$110.00,2018-08-02 13:30:40.686986+00,
429,10867,1,$88.00,2018-08-02 13:30:40.686986+00,
429,4802,1,$52.00,2018-08-02 13:30:40.686986+00,
429,2661,1,$64.00,2018-08-02 13:30:40.686986+00,
429,4575,1,$89.40,2018-08-02 13:30:40.686986+00,
429,3399,1,$68.68,2018-08-02 13:30:40.686986+00,
430,6416,1,$107.52,2018-08-02 13:30:40.686986+00,
430,12180,1,$114.00,2018-08-02 13:30:40.686986+00,
430,10389,1,$42.60,2018-08-02 13:30:40.686986+00,
430,9812,1,$132.05,2018-08-02 13:30:40.686986+00,
430,8372,1,$81.00,2018-08-02 13:30:40.686986+00,
431,10245,1,$54.00,2018-08-02 13:30:40.686986+00,
431,13742,1,$78.39,2018-08-02 13:30:40.686986+00,
431,14850,1,$104.37,2018-08-02 13:30:40.686986+00,
431,15126,1,$102.60,2018-08-02 13:30:40.686986+00,
431,1251,1,$36.92,2018-08-02 13:30:40.686986+00,
432,14968,1,$64.74,2018-08-02 13:30:40.686986+00,
432,15686,1,$75.00,2018-08-02 13:30:40.686986+00,
432,5189,1,$104.40,2018-08-02 13:30:40.686986+00,
432,3906,1,$122.00,2018-08-02 13:30:40.686986+00,
433,1030,1,$82.20,2018-08-02 13:30:40.686986+00,
433,17709,1,$122.00,2018-08-02 13:30:40.686986+00,
433,17068,1,$59.94,2018-08-02 13:30:40.686986+00,
433,1222,1,$96.72,2018-08-02 13:30:40.686986+00,
433,14361,1,$67.00,2018-08-02 13:30:40.686986+00,
434,10713,1,$78.60,2018-08-02 13:30:40.686986+00,
434,10793,1,$108.00,2018-08-02 13:30:40.686986+00,
434,17968,1,$80.00,2018-08-02 13:30:40.686986+00,
434,5603,1,$105.00,2018-08-02 13:30:40.686986+00,
435,3083,1,$142.00,2018-08-02 13:30:40.686986+00,
435,12242,1,$72.00,2018-08-02 13:30:40.686986+00,
435,8348,1,$128.00,2018-08-02 13:30:40.686986+00,
435,10690,1,$110.00,2018-08-02 13:30:40.686986+00,
436,11686,1,$59.00,2018-08-02 13:30:40.686986+00,
436,18497,1,$99.00,2018-08-02 13:30:40.686986+00,
436,5008,1,$47.52,2018-08-02 13:30:40.686986+00,
436,2741,1,$54.32,2018-08-02 13:30:40.686986+00,
436,7676,1,$149.00,2018-08-02 13:30:40.686986+00,
437,4254,1,$46.28,2018-08-02 13:30:40.686986+00,
438,2833,1,$77.19,2018-08-02 13:30:40.686986+00,
438,1864,1,$58.20,2018-08-02 13:30:40.686986+00,
438,18372,1,$64.00,2018-08-02 13:30:40.686986+00,
439,15759,1,$137.00,2018-08-02 13:30:40.686986+00,
439,13393,1,$60.30,2018-08-02 13:30:40.686986+00,
439,17127,1,$116.22,2018-08-02 13:30:40.686986+00,
439,9404,1,$80.00,2018-08-02 13:30:40.686986+00,
440,14643,1,$87.78,2018-08-02 13:30:40.686986+00,
440,12884,1,$47.40,2018-08-02 13:30:40.686986+00,
440,11843,1,$142.00,2018-08-02 13:30:40.686986+00,
441,8964,1,$79.31,2018-08-02 13:30:40.686986+00,
441,15516,1,$97.58,2018-08-02 13:30:40.686986+00,
441,2009,1,$107.00,2018-08-02 13:30:40.686986+00,
441,14615,1,$108.23,2018-08-02 13:30:40.686986+00,
442,9814,1,$132.05,2018-08-02 13:30:40.686986+00,
442,13075,1,$47.40,2018-08-02 13:30:40.686986+00,
442,3136,1,$99.00,2018-08-02 13:30:40.686986+00,
443,9907,1,$105.00,2018-08-02 13:30:40.686986+00,
443,18292,1,$48.80,2018-08-02 13:30:40.686986+00,
443,6619,1,$124.20,2018-08-02 13:30:40.686986+00,
443,3725,1,$135.00,2018-08-02 13:30:40.686986+00,
443,3548,1,$42.90,2018-08-02 13:30:40.686986+00,
444,4084,1,$69.00,2018-08-02 13:30:40.686986+00,
444,15150,1,$87.74,2018-08-02 13:30:40.686986+00,
444,10780,1,$83.82,2018-08-02 13:30:40.686986+00,
444,17204,1,$94.77,2018-08-02 13:30:40.686986+00,
445,8183,1,$80.00,2018-08-02 13:30:40.686986+00,
446,8244,1,$116.00,2018-08-02 13:30:40.686986+00,
446,10528,1,$42.84,2018-08-02 13:30:40.686986+00,
446,5008,1,$47.52,2018-08-02 13:30:40.686986+00,
446,17522,1,$116.00,2018-08-02 13:30:40.686986+00,
446,13683,1,$55.08,2018-08-02 13:30:40.686986+00,
447,10526,1,$42.84,2018-08-02 13:30:40.686986+00,
447,7037,1,$83.00,2018-08-02 13:30:40.686986+00,
448,14033,1,$68.00,2018-08-02 13:30:40.686986+00,
449,7167,1,$132.30,2018-08-02 13:30:40.686986+00,
450,13220,1,$107.00,2018-08-02 13:30:40.686986+00,
450,9657,1,$87.33,2018-08-02 13:30:40.686986+00,
450,5699,1,$78.00,2018-08-02 13:30:40.686986+00,
450,3891,1,$148.00,2018-08-02 13:30:40.686986+00,
450,4551,1,$89.40,2018-08-02 13:30:40.686986+00,
451,11735,1,$133.00,2018-08-02 13:30:40.686986+00,
451,13251,1,$63.00,2018-08-02 13:30:40.686986+00,
452,7482,1,$103.00,2018-08-02 13:30:40.686986+00,
452,6527,1,$97.00,2018-08-02 13:30:40.686986+00,
452,10381,1,$42.60,2018-08-02 13:30:40.686986+00,
453,6392,1,$53.82,2018-08-02 13:30:40.686986+00,
453,3380,1,$149.00,2018-08-02 13:30:40.686986+00,
453,16450,1,$88.00,2018-08-02 13:30:40.686986+00,
454,10682,1,$110.00,2018-08-02 13:30:40.686986+00,
454,2949,1,$78.02,2018-08-02 13:30:40.686986+00,
454,12490,1,$97.00,2018-08-02 13:30:40.686986+00,
455,11934,1,$144.54,2018-08-02 13:30:40.686986+00,
455,17498,1,$63.60,2018-08-02 13:30:40.686986+00,
456,15252,1,$58.00,2018-08-02 13:30:40.686986+00,
457,15178,1,$140.00,2018-08-02 13:30:40.686986+00,
457,7939,1,$78.60,2018-08-02 13:30:40.686986+00,
457,16796,1,$99.12,2018-08-02 13:30:40.686986+00,
457,2649,1,$64.00,2018-08-02 13:30:40.686986+00,
457,9335,1,$83.16,2018-08-02 13:30:40.686986+00,
458,3480,1,$133.00,2018-08-02 13:30:40.686986+00,
459,9135,1,$140.65,2018-08-02 13:30:40.686986+00,
459,9231,1,$71.40,2018-08-02 13:30:40.686986+00,
459,15449,1,$55.89,2018-08-02 13:30:40.686986+00,
459,3292,1,$115.00,2018-08-02 13:30:40.686986+00,
460,17843,1,$111.76,2018-08-02 13:30:40.686986+00,
460,15738,1,$50.40,2018-08-02 13:30:40.686986+00,
460,10201,1,$45.58,2018-08-02 13:30:40.686986+00,
460,15276,1,$87.01,2018-08-02 13:30:40.686986+00,
461,10193,1,$92.48,2018-08-02 13:30:40.686986+00,
461,11984,1,$83.60,2018-08-02 13:30:40.686986+00,
461,13303,1,$96.60,2018-08-02 13:30:40.686986+00,
462,13614,1,$80.85,2018-08-02 13:30:40.686986+00,
462,5809,1,$75.65,2018-08-02 13:30:40.686986+00,
462,9327,1,$83.16,2018-08-02 13:30:40.686986+00,
462,17977,1,$63.00,2018-08-02 13:30:40.686986+00,
463,1652,1,$92.00,2018-08-02 13:30:40.686986+00,
463,16821,1,$73.20,2018-08-02 13:30:40.686986+00,
463,17961,1,$80.00,2018-08-02 13:30:40.686986+00,
464,12240,1,$72.00,2018-08-02 13:30:40.686986+00,
464,5986,1,$147.00,2018-08-02 13:30:40.686986+00,
464,17006,1,$78.00,2018-08-02 13:30:40.686986+00,
464,6715,1,$88.58,2018-08-02 13:30:40.686986+00,
464,11250,1,$86.00,2018-08-02 13:30:40.686986+00,
465,2473,1,$89.64,2018-08-02 13:30:40.686986+00,
466,10419,1,$114.00,2018-08-02 13:30:40.686986+00,
466,1438,1,$116.00,2018-08-02 13:30:40.686986+00,
466,14160,1,$71.20,2018-08-02 13:30:40.686986+00,
467,1107,1,$109.56,2018-08-02 13:30:40.686986+00,
467,3726,1,$135.00,2018-08-02 13:30:40.686986+00,
468,16372,1,$119.97,2018-08-02 13:30:40.686986+00,
468,7585,1,$112.34,2018-08-02 13:30:40.686986+00,
468,4216,1,$139.00,2018-08-02 13:30:40.686986+00,
468,18104,1,$69.00,2018-08-02 13:30:40.686986+00,
469,3574,1,$42.90,2018-08-02 13:30:40.686986+00,
470,10342,1,$63.00,2018-08-02 13:30:40.686986+00,
470,11964,1,$137.00,2018-08-02 13:30:40.686986+00,
471,8729,1,$95.00,2018-08-02 13:30:40.686986+00,
471,6818,1,$101.00,2018-08-02 13:30:40.686986+00,
471,14976,1,$64.74,2018-08-02 13:30:40.686986+00,
471,17123,1,$116.22,2018-08-02 13:30:40.686986+00,
472,9853,1,$86.58,2018-08-02 13:30:40.686986+00,
472,5086,1,$47.40,2018-08-02 13:30:40.686986+00,
472,14367,1,$67.00,2018-08-02 13:30:40.686986+00,
473,7664,1,$35.84,2018-08-02 13:30:40.686986+00,
473,17161,1,$83.66,2018-08-02 13:30:40.686986+00,
474,7993,1,$73.92,2018-08-02 13:30:40.686986+00,
474,14380,1,$44.25,2018-08-02 13:30:40.686986+00,
475,12637,1,$89.00,2018-08-02 13:30:40.686986+00,
475,14812,1,$55.00,2018-08-02 13:30:40.686986+00,
475,14164,1,$71.20,2018-08-02 13:30:40.686986+00,
475,4181,1,$100.33,2018-08-02 13:30:40.686986+00,
475,15687,1,$75.00,2018-08-02 13:30:40.686986+00,
476,17610,1,$143.00,2018-08-02 13:30:40.686986+00,
477,1966,1,$53.00,2018-08-02 13:30:40.686986+00,
477,8043,1,$69.00,2018-08-02 13:30:40.686986+00,
477,2530,1,$134.00,2018-08-02 13:30:40.686986+00,
477,2742,1,$54.32,2018-08-02 13:30:40.686986+00,
477,6304,1,$89.27,2018-08-02 13:30:40.686986+00,
478,11963,1,$137.00,2018-08-02 13:30:40.686986+00,
478,18049,1,$84.60,2018-08-02 13:30:40.686986+00,
479,18001,1,$134.00,2018-08-02 13:30:40.686986+00,
479,5683,1,$109.00,2018-08-02 13:30:40.686986+00,
479,16702,1,$86.00,2018-08-02 13:30:40.686986+00,
479,9419,1,$80.00,2018-08-02 13:30:40.686986+00,
479,5158,1,$54.00,2018-08-02 13:30:40.686986+00,
480,18521,1,$114.76,2018-08-02 13:30:40.686986+00,
480,13541,1,$73.00,2018-08-02 13:30:40.686986+00,
481,4190,1,$100.33,2018-08-02 13:30:40.686986+00,
481,16346,1,$61.00,2018-08-02 13:30:40.686986+00,
481,2541,1,$134.00,2018-08-02 13:30:40.686986+00,
481,13373,1,$60.30,2018-08-02 13:30:40.686986+00,
482,3827,1,$144.00,2018-08-02 13:30:40.686986+00,
482,5123,1,$115.00,2018-08-02 13:30:40.686986+00,
483,14122,1,$123.00,2018-08-02 13:30:40.686986+00,
483,2895,1,$78.60,2018-08-02 13:30:40.686986+00,
483,18088,1,$39.00,2018-08-02 13:30:40.686986+00,
484,9554,1,$98.40,2018-08-02 13:30:40.686986+00,
484,1648,1,$92.00,2018-08-02 13:30:40.686986+00,
484,15790,1,$60.00,2018-08-02 13:30:40.686986+00,
484,10772,1,$83.82,2018-08-02 13:30:40.686986+00,
484,2233,1,$123.48,2018-08-02 13:30:40.686986+00,
485,7951,1,$66.00,2018-08-02 13:30:40.686986+00,
486,11962,1,$137.00,2018-08-02 13:30:40.686986+00,
486,1900,1,$56.00,2018-08-02 13:30:40.686986+00,
487,14005,1,$126.15,2018-08-02 13:30:40.686986+00,
487,14363,1,$67.00,2018-08-02 13:30:40.686986+00,
487,12207,1,$44.40,2018-08-02 13:30:40.686986+00,
487,9620,1,$123.00,2018-08-02 13:30:40.686986+00,
487,16072,1,$56.00,2018-08-02 13:30:40.686986+00,
488,2284,1,$49.60,2018-08-02 13:30:40.686986+00,
488,1644,1,$92.00,2018-08-02 13:30:40.686986+00,
488,7788,1,$39.00,2018-08-02 13:30:40.686986+00,
488,6578,1,$45.60,2018-08-02 13:30:40.686986+00,
489,5690,1,$109.00,2018-08-02 13:30:40.686986+00,
489,17487,1,$63.60,2018-08-02 13:30:40.686986+00,
490,15579,1,$78.88,2018-08-02 13:30:40.686986+00,
491,13070,1,$51.60,2018-08-02 13:30:40.686986+00,
492,18113,1,$69.00,2018-08-02 13:30:40.686986+00,
492,8564,1,$70.56,2018-08-02 13:30:40.686986+00,
492,7966,1,$66.00,2018-08-02 13:30:40.686986+00,
492,13716,1,$53.12,2018-08-02 13:30:40.686986+00,
493,16283,1,$90.00,2018-08-02 13:30:40.686986+00,
493,11151,1,$117.00,2018-08-02 13:30:40.686986+00,
493,17593,1,$143.00,2018-08-02 13:30:40.686986+00,
493,17845,1,$111.76,2018-08-02 13:30:40.686986+00,
494,11718,1,$60.00,2018-08-02 13:30:40.686986+00,
494,17946,1,$56.09,2018-08-02 13:30:40.686986+00,
494,3016,1,$146.00,2018-08-02 13:30:40.686986+00,
494,9165,1,$71.28,2018-08-02 13:30:40.686986+00,
495,5240,1,$70.20,2018-08-02 13:30:40.686986+00,
495,17724,1,$90.89,2018-08-02 13:30:40.686986+00,
495,3831,1,$144.00,2018-08-02 13:30:40.686986+00,
495,14779,1,$149.00,2018-08-02 13:30:40.686986+00,
496,14033,1,$68.00,2018-08-02 13:30:40.686986+00,
497,5508,1,$54.72,2018-08-02 13:30:40.686986+00,
497,10785,1,$83.82,2018-08-02 13:30:40.686986+00,
497,8276,1,$131.60,2018-08-02 13:30:40.686986+00,
497,5682,1,$109.00,2018-08-02 13:30:40.686986+00,
498,16810,1,$73.20,2018-08-02 13:30:40.686986+00,
498,2521,1,$81.84,2018-08-02 13:30:40.686986+00,
498,11925,1,$144.54,2018-08-02 13:30:40.686986+00,
498,16468,1,$57.00,2018-08-02 13:30:40.686986+00,
499,17131,1,$116.22,2018-08-02 13:30:40.686986+00,
499,2297,1,$49.60,2018-08-02 13:30:40.686986+00,
499,5752,1,$107.00,2018-08-02 13:30:40.686986+00,
500,6330,1,$67.00,2018-08-02 13:30:40.686986+00,
501,17128,1,$116.22,2018-08-02 13:30:40.686986+00,
501,2161,1,$116.00,2018-08-02 13:30:40.686986+00,
501,2012,1,$107.00,2018-08-02 13:30:40.686986+00,
502,12576,1,$77.42,2018-08-02 13:30:40.686986+00,
503,8150,1,$73.92,2018-08-02 13:30:40.686986+00,
504,15951,1,$74.00,2018-08-02 13:30:40.686986+00,
505,1871,1,$58.20,2018-08-02 13:30:40.686986+00,
505,1401,1,$119.00,2018-08-02 13:30:40.686986+00,
505,14288,1,$140.00,2018-08-02 13:30:40.686986+00,
505,4371,1,$118.00,2018-08-02 13:30:40.686986+00,
505,4800,1,$52.00,2018-08-02 13:30:40.686986+00,
506,12787,1,$73.20,2018-08-02 13:30:40.686986+00,
506,14980,1,$95.95,2018-08-02 13:30:40.686986+00,
506,8756,1,$108.57,2018-08-02 13:30:40.686986+00,
506,12943,1,$87.00,2018-08-02 13:30:40.686986+00,
506,8624,1,$68.00,2018-08-02 13:30:40.686986+00,
507,6554,1,$43.92,2018-08-02 13:30:40.686986+00,
507,18105,1,$69.00,2018-08-02 13:30:40.686986+00,
507,5809,1,$75.65,2018-08-02 13:30:40.686986+00,
508,934,1,$102.40,2018-08-02 13:30:40.686986+00,
508,13377,1,$60.30,2018-08-02 13:30:40.686986+00,
508,3011,1,$146.00,2018-08-02 13:30:40.686986+00,
509,8558,1,$70.56,2018-08-02 13:30:40.686986+00,
509,16168,1,$38.94,2018-08-02 13:30:40.686986+00,
509,4586,1,$65.96,2018-08-02 13:30:40.686986+00,
509,18020,1,$62.40,2018-08-02 13:30:40.686986+00,
509,2453,1,$54.00,2018-08-02 13:30:40.686986+00,
510,8788,1,$34.20,2018-08-02 13:30:40.686986+00,
510,1362,1,$65.28,2018-08-02 13:30:40.686986+00,
510,16657,1,$103.00,2018-08-02 13:30:40.686986+00,
510,9314,1,$95.00,2018-08-02 13:30:40.686986+00,
511,15724,1,$55.00,2018-08-02 13:30:40.686986+00,
511,3368,1,$149.00,2018-08-02 13:30:40.686986+00,
512,1863,1,$58.20,2018-08-02 13:30:40.686986+00,
512,10763,1,$151.00,2018-08-02 13:30:40.686986+00,
512,16024,1,$68.85,2018-08-02 13:30:40.686986+00,
513,13295,1,$96.60,2018-08-02 13:30:40.686986+00,
513,3188,1,$150.00,2018-08-02 13:30:40.686986+00,
513,17402,1,$118.75,2018-08-02 13:30:40.686986+00,
513,9602,1,$99.00,2018-08-02 13:30:40.686986+00,
513,3691,1,$121.00,2018-08-02 13:30:40.686986+00,
514,17667,1,$43.35,2018-08-02 13:30:40.686986+00,
514,16488,1,$105.00,2018-08-02 13:30:40.686986+00,
514,6084,1,$33.60,2018-08-02 13:30:40.686986+00,
515,6116,1,$150.00,2018-08-02 13:30:40.686986+00,
515,2949,1,$78.02,2018-08-02 13:30:40.686986+00,
516,2729,1,$54.32,2018-08-02 13:30:40.686986+00,
516,11709,1,$60.00,2018-08-02 13:30:40.686986+00,
516,12847,1,$128.00,2018-08-02 13:30:40.686986+00,
517,11635,1,$92.00,2018-08-02 13:30:40.686986+00,
517,3276,1,$115.00,2018-08-02 13:30:40.686986+00,
518,2915,1,$78.60,2018-08-02 13:30:40.686986+00,
519,2222,1,$117.60,2018-08-02 13:30:40.686986+00,
520,8178,1,$58.20,2018-08-02 13:30:40.686986+00,
520,15730,1,$55.00,2018-08-02 13:30:40.686986+00,
521,1527,1,$87.84,2018-08-02 13:30:40.686986+00,
521,18039,1,$62.40,2018-08-02 13:30:40.686986+00,
521,9821,1,$132.05,2018-08-02 13:30:40.686986+00,
521,7156,1,$74.90,2018-08-02 13:30:40.686986+00,
521,18510,1,$123.69,2018-08-02 13:30:40.686986+00,
522,10547,1,$94.80,2018-08-02 13:30:40.686986+00,
523,5372,1,$123.00,2018-08-02 13:30:40.686986+00,
523,3076,1,$107.00,2018-08-02 13:30:40.686986+00,
524,9433,1,$117.00,2018-08-02 13:30:40.686986+00,
524,12894,1,$47.40,2018-08-02 13:30:40.686986+00,
524,3892,1,$148.00,2018-08-02 13:30:40.686986+00,
524,13255,1,$78.66,2018-08-02 13:30:40.686986+00,
524,7959,1,$66.00,2018-08-02 13:30:40.686986+00,
525,17637,1,$52.20,2018-08-02 13:30:40.686986+00,
525,8924,1,$65.00,2018-08-02 13:30:40.686986+00,
525,3292,1,$115.00,2018-08-02 13:30:40.686986+00,
525,11551,1,$41.04,2018-08-02 13:30:40.686986+00,
525,3515,1,$83.40,2018-08-02 13:30:40.686986+00,
526,6116,1,$150.00,2018-08-02 13:30:40.686986+00,
526,5443,1,$64.24,2018-08-02 13:30:40.686986+00,
526,14249,1,$48.00,2018-08-02 13:30:40.686986+00,
526,2144,1,$81.60,2018-08-02 13:30:40.686986+00,
527,1857,1,$118.00,2018-08-02 13:30:40.686986+00,
527,11075,1,$64.00,2018-08-02 13:30:40.686986+00,
528,1690,1,$66.50,2018-08-02 13:30:40.686986+00,
528,10522,1,$42.84,2018-08-02 13:30:40.686986+00,
529,5914,1,$79.00,2018-08-02 13:30:40.686986+00,
529,10381,1,$42.60,2018-08-02 13:30:40.686986+00,
529,8562,1,$70.56,2018-08-02 13:30:40.686986+00,
529,6972,1,$111.00,2018-08-02 13:30:40.686986+00,
529,16720,1,$103.00,2018-08-02 13:30:40.686986+00,
530,14713,1,$71.40,2018-08-02 13:30:40.686986+00,
530,8208,1,$122.00,2018-08-02 13:30:40.686986+00,
531,15746,1,$50.40,2018-08-02 13:30:40.686986+00,
531,10091,1,$106.00,2018-08-02 13:30:40.686986+00,
532,6140,1,$77.00,2018-08-02 13:30:40.686986+00,
532,11931,1,$144.54,2018-08-02 13:30:40.686986+00,
532,13523,1,$73.00,2018-08-02 13:30:40.686986+00,
532,9274,1,$49.98,2018-08-02 13:30:40.686986+00,
532,1217,1,$96.72,2018-08-02 13:30:40.686986+00,
533,14984,1,$95.95,2018-08-02 13:30:40.686986+00,
533,13807,1,$32.13,2018-08-02 13:30:40.686986+00,
533,8528,1,$68.60,2018-08-02 13:30:40.686986+00,
533,16721,1,$103.00,2018-08-02 13:30:40.686986+00,
533,3596,1,$127.80,2018-08-02 13:30:40.686986+00,
534,16149,1,$89.00,2018-08-02 13:30:40.686986+00,
534,950,1,$102.40,2018-08-02 13:30:40.686986+00,
534,2728,1,$54.32,2018-08-02 13:30:40.686986+00,
535,12809,1,$73.20,2018-08-02 13:30:40.686986+00,
535,12234,1,$72.00,2018-08-02 13:30:40.686986+00,
535,1254,1,$36.92,2018-08-02 13:30:40.686986+00,
535,6980,1,$111.00,2018-08-02 13:30:40.686986+00,
536,5821,1,$62.64,2018-08-02 13:30:40.686986+00,
536,16238,1,$123.00,2018-08-02 13:30:40.686986+00,
537,15791,1,$60.00,2018-08-02 13:30:40.686986+00,
537,8760,1,$85.49,2018-08-02 13:30:40.686986+00,
537,14768,1,$81.18,2018-08-02 13:30:40.686986+00,
538,7361,1,$52.92,2018-08-02 13:30:40.686986+00,
538,6048,1,$60.00,2018-08-02 13:30:40.686986+00,
538,7212,1,$72.45,2018-08-02 13:30:40.686986+00,
539,1800,1,$113.00,2018-08-02 13:30:40.686986+00,
539,11601,1,$55.20,2018-08-02 13:30:40.686986+00,
540,17383,1,$59.00,2018-08-02 13:30:40.686986+00,
541,18144,1,$147.00,2018-08-02 13:30:40.686986+00,
541,5068,1,$119.00,2018-08-02 13:30:40.686986+00,
541,3292,1,$115.00,2018-08-02 13:30:40.686986+00,
541,10213,1,$45.58,2018-08-02 13:30:40.686986+00,
541,2892,1,$35.51,2018-08-02 13:30:40.686986+00,
542,4552,1,$89.40,2018-08-02 13:30:40.686986+00,
542,15552,1,$63.24,2018-08-02 13:30:40.686986+00,
542,7481,1,$103.00,2018-08-02 13:30:40.686986+00,
543,12629,1,$89.00,2018-08-02 13:30:40.686986+00,
543,3020,1,$146.00,2018-08-02 13:30:40.686986+00,
544,5779,1,$143.00,2018-08-02 13:30:40.686986+00,
544,11046,1,$112.00,2018-08-02 13:30:40.686986+00,
544,4494,1,$116.00,2018-08-02 13:30:40.686986+00,
544,13442,1,$76.80,2018-08-02 13:30:40.686986+00,
545,2740,1,$54.32,2018-08-02 13:30:40.686986+00,
545,14223,1,$108.00,2018-08-02 13:30:40.686986+00,
546,14969,1,$64.74,2018-08-02 13:30:40.686986+00,
546,18005,1,$134.00,2018-08-02 13:30:40.686986+00,
547,11335,1,$104.30,2018-08-02 13:30:40.686986+00,
547,14513,1,$134.83,2018-08-02 13:30:40.686986+00,
547,17809,1,$117.00,2018-08-02 13:30:40.686986+00,
548,16283,1,$90.00,2018-08-02 13:30:40.686986+00,
549,7326,1,$51.00,2018-08-02 13:30:40.686986+00,
549,1520,1,$87.84,2018-08-02 13:30:40.686986+00,
549,6327,1,$67.00,2018-08-02 13:30:40.686986+00,
549,1811,1,$113.00,2018-08-02 13:30:40.686986+00,
550,15577,1,$78.88,2018-08-02 13:30:40.686986+00,
551,12522,1,$45.90,2018-08-02 13:30:40.686986+00,
551,16480,1,$105.00,2018-08-02 13:30:40.686986+00,
551,5481,1,$48.84,2018-08-02 13:30:40.686986+00,
552,7426,1,$92.70,2018-08-02 13:30:40.686986+00,
552,6929,1,$52.20,2018-08-02 13:30:40.686986+00,
552,3968,1,$124.00,2018-08-02 13:30:40.686986+00,
552,3906,1,$122.00,2018-08-02 13:30:40.686986+00,
553,10207,1,$45.58,2018-08-02 13:30:40.686986+00,
553,11674,1,$104.00,2018-08-02 13:30:40.686986+00,
554,10591,1,$89.00,2018-08-02 13:30:40.686986+00,
554,12041,1,$56.05,2018-08-02 13:30:40.686986+00,
554,7512,1,$135.00,2018-08-02 13:30:40.686986+00,
554,4235,1,$86.24,2018-08-02 13:30:40.686986+00,
555,5822,1,$62.64,2018-08-02 13:30:40.686986+00,
555,3907,1,$122.00,2018-08-02 13:30:40.686986+00,
555,7694,1,$149.00,2018-08-02 13:30:40.686986+00,
555,1742,1,$100.00,2018-08-02 13:30:40.686986+00,
555,10701,1,$78.60,2018-08-02 13:30:40.686986+00,
556,1253,1,$36.92,2018-08-02 13:30:40.686986+00,
556,1509,1,$145.00,2018-08-02 13:30:40.686986+00,
556,973,1,$53.12,2018-08-02 13:30:40.686986+00,
557,869,1,$98.15,2018-08-02 13:30:40.686986+00,
558,17158,1,$83.66,2018-08-02 13:30:40.686986+00,
558,2305,1,$49.60,2018-08-02 13:30:40.686986+00,
559,3341,1,$82.20,2018-08-02 13:30:40.686986+00,
559,2126,1,$118.00,2018-08-02 13:30:40.686986+00,
559,932,1,$102.40,2018-08-02 13:30:40.686986+00,
560,3952,1,$84.00,2018-08-02 13:30:40.686986+00,
560,11726,1,$60.00,2018-08-02 13:30:40.686986+00,
560,16544,1,$61.41,2018-08-02 13:30:40.686986+00,
560,13612,1,$53.00,2018-08-02 13:30:40.686986+00,
560,2010,1,$107.00,2018-08-02 13:30:40.686986+00,
561,2624,1,$42.18,2018-08-02 13:30:40.686986+00,
561,7807,1,$84.00,2018-08-02 13:30:40.686986+00,
561,2484,1,$59.00,2018-08-02 13:30:40.686986+00,
562,16629,1,$86.24,2018-08-02 13:30:40.686986+00,
562,11737,1,$133.00,2018-08-02 13:30:40.686986+00,
562,15009,1,$41.08,2018-08-02 13:30:40.686986+00,
562,10736,1,$87.75,2018-08-02 13:30:40.686986+00,
562,9507,1,$39.60,2018-08-02 13:30:40.686986+00,
563,10238,1,$54.00,2018-08-02 13:30:40.686986+00,
564,15228,1,$58.00,2018-08-02 13:30:40.686986+00,
564,7501,1,$135.00,2018-08-02 13:30:40.686986+00,
564,6582,1,$45.60,2018-08-02 13:30:40.686986+00,
565,5733,1,$133.00,2018-08-02 13:30:40.686986+00,
565,4991,1,$101.00,2018-08-02 13:30:40.686986+00,
565,9531,1,$103.68,2018-08-02 13:30:40.686986+00,
566,8015,1,$65.36,2018-08-02 13:30:40.686986+00,
566,5562,1,$72.09,2018-08-02 13:30:40.686986+00,
566,17059,1,$133.00,2018-08-02 13:30:40.686986+00,
566,16224,1,$55.08,2018-08-02 13:30:40.686986+00,
566,14587,1,$104.00,2018-08-02 13:30:40.686986+00,
567,16170,1,$38.94,2018-08-02 13:30:40.686986+00,
567,11428,1,$149.00,2018-08-02 13:30:40.686986+00,
567,5071,1,$119.00,2018-08-02 13:30:40.686986+00,
567,6544,1,$43.92,2018-08-02 13:30:40.686986+00,
567,16920,1,$67.00,2018-08-02 13:30:40.686986+00,
568,9628,1,$87.33,2018-08-02 13:30:40.686986+00,
568,14567,1,$90.09,2018-08-02 13:30:40.686986+00,
568,3527,1,$44.20,2018-08-02 13:30:40.686986+00,
568,5101,1,$70.31,2018-08-02 13:30:40.686986+00,
569,17724,1,$90.89,2018-08-02 13:30:40.686986+00,
569,4237,1,$86.24,2018-08-02 13:30:40.686986+00,
569,5086,1,$47.40,2018-08-02 13:30:40.686986+00,
570,3983,1,$124.00,2018-08-02 13:30:40.686986+00,
570,12075,1,$96.00,2018-08-02 13:30:40.686986+00,
571,5796,1,$75.65,2018-08-02 13:30:40.686986+00,
571,18136,1,$147.00,2018-08-02 13:30:40.686986+00,
571,9299,1,$66.00,2018-08-02 13:30:40.686986+00,
571,1871,1,$58.20,2018-08-02 13:30:40.686986+00,
572,16782,1,$99.12,2018-08-02 13:30:40.686986+00,
572,11745,1,$133.00,2018-08-02 13:30:40.686986+00,
572,4559,1,$89.40,2018-08-02 13:30:40.686986+00,
572,7557,1,$70.68,2018-08-02 13:30:40.686986+00,
573,18128,1,$147.00,2018-08-02 13:30:40.686986+00,
573,18449,1,$68.00,2018-08-02 13:30:40.686986+00,
573,8838,1,$97.90,2018-08-02 13:30:40.686986+00,
574,16555,1,$61.41,2018-08-02 13:30:40.686986+00,
574,8942,1,$147.00,2018-08-02 13:30:40.686986+00,
574,9566,1,$68.00,2018-08-02 13:30:40.686986+00,
575,13724,1,$53.12,2018-08-02 13:30:40.686986+00,
575,13624,1,$80.85,2018-08-02 13:30:40.686986+00,
575,14541,1,$76.86,2018-08-02 13:30:40.686986+00,
576,17163,1,$83.66,2018-08-02 13:30:40.686986+00,
576,11758,1,$55.00,2018-08-02 13:30:40.686986+00,
576,4236,1,$86.24,2018-08-02 13:30:40.686986+00,
576,17086,1,$135.00,2018-08-02 13:30:40.686986+00,
577,10699,1,$78.60,2018-08-02 13:30:40.686986+00,
577,15757,1,$80.00,2018-08-02 13:30:40.686986+00,
578,1486,1,$44.46,2018-08-02 13:30:40.686986+00,
579,2332,1,$88.00,2018-08-02 13:30:40.686986+00,
579,5810,1,$75.65,2018-08-02 13:30:40.686986+00,
580,14840,1,$57.00,2018-08-02 13:30:40.686986+00,
580,2296,1,$49.60,2018-08-02 13:30:40.686986+00,
580,17685,1,$64.50,2018-08-02 13:30:40.686986+00,
581,2306,1,$49.60,2018-08-02 13:30:40.686986+00,
581,2724,1,$54.32,2018-08-02 13:30:40.686986+00,
581,3849,1,$135.00,2018-08-02 13:30:40.686986+00,
581,4968,1,$150.00,2018-08-02 13:30:40.686986+00,
581,9416,1,$80.00,2018-08-02 13:30:40.686986+00,
582,17649,1,$52.20,2018-08-02 13:30:40.686986+00,
582,18508,1,$123.69,2018-08-02 13:30:40.686986+00,
582,9958,1,$113.03,2018-08-02 13:30:40.686986+00,
582,5102,1,$70.31,2018-08-02 13:30:40.686986+00,
582,1804,1,$113.00,2018-08-02 13:30:40.686986+00,
583,14269,1,$56.40,2018-08-02 13:30:40.686986+00,
584,11922,1,$85.44,2018-08-02 13:30:40.686986+00,
584,1516,1,$145.00,2018-08-02 13:30:40.686986+00,
584,8641,1,$68.00,2018-08-02 13:30:40.686986+00,
585,11867,1,$63.00,2018-08-02 13:30:40.686986+00,
585,15432,1,$111.60,2018-08-02 13:30:40.686986+00,
585,5576,1,$124.08,2018-08-02 13:30:40.686986+00,
585,7087,1,$96.39,2018-08-02 13:30:40.686986+00,
585,5158,1,$54.00,2018-08-02 13:30:40.686986+00,
586,11226,1,$86.00,2018-08-02 13:30:40.686986+00,
587,15511,1,$97.58,2018-08-02 13:30:40.686986+00,
587,6753,1,$50.41,2018-08-02 13:30:40.686986+00,
587,13657,1,$122.00,2018-08-02 13:30:40.686986+00,
588,15682,1,$75.00,2018-08-02 13:30:40.686986+00,
589,1898,1,$56.00,2018-08-02 13:30:40.686986+00,
589,2700,1,$118.30,2018-08-02 13:30:40.686986+00,
589,13274,1,$52.00,2018-08-02 13:30:40.686986+00,
589,10968,1,$131.00,2018-08-02 13:30:40.686986+00,
590,8961,1,$104.92,2018-08-02 13:30:40.686986+00,
590,12795,1,$73.20,2018-08-02 13:30:40.686986+00,
590,15452,1,$55.89,2018-08-02 13:30:40.686986+00,
591,4716,1,$84.00,2018-08-02 13:30:40.686986+00,
591,7952,1,$66.00,2018-08-02 13:30:40.686986+00,
591,3515,1,$83.40,2018-08-02 13:30:40.686986+00,
591,18143,1,$147.00,2018-08-02 13:30:40.686986+00,
591,12706,1,$57.60,2018-08-02 13:30:40.686986+00,
592,14927,1,$97.00,2018-08-02 13:30:40.686986+00,
592,16066,1,$56.00,2018-08-02 13:30:40.686986+00,
593,15595,1,$78.88,2018-08-02 13:30:40.686986+00,
593,13336,1,$99.00,2018-08-02 13:30:40.686986+00,
593,4783,1,$148.00,2018-08-02 13:30:40.686986+00,
593,16896,1,$67.00,2018-08-02 13:30:40.686986+00,
593,1913,1,$103.66,2018-08-02 13:30:40.686986+00,
594,7860,1,$55.38,2018-08-02 13:30:40.686986+00,
595,17888,1,$46.80,2018-08-02 13:30:40.686986+00,
595,8166,1,$58.20,2018-08-02 13:30:40.686986+00,
595,4645,1,$61.20,2018-08-02 13:30:40.686986+00,
595,5443,1,$64.24,2018-08-02 13:30:40.686986+00,
596,1937,1,$147.00,2018-08-02 13:30:40.686986+00,
596,15596,1,$78.88,2018-08-02 13:30:40.686986+00,
597,5028,1,$47.52,2018-08-02 13:30:40.686986+00,
598,14360,1,$67.00,2018-08-02 13:30:40.686986+00,
598,8097,1,$115.00,2018-08-02 13:30:40.686986+00,
598,15167,1,$87.74,2018-08-02 13:30:40.686986+00,
598,17820,1,$59.00,2018-08-02 13:30:40.686986+00,
599,15137,1,$102.60,2018-08-02 13:30:40.686986+00,
599,3919,1,$73.00,2018-08-02 13:30:40.686986+00,
599,13219,1,$107.00,2018-08-02 13:30:40.686986+00,
599,9815,1,$132.05,2018-08-02 13:30:40.686986+00,
599,11844,1,$142.00,2018-08-02 13:30:40.686986+00,
600,13639,1,$122.00,2018-08-02 13:30:40.686986+00,
600,14934,1,$97.00,2018-08-02 13:30:40.686986+00,
600,12847,1,$128.00,2018-08-02 13:30:40.686986+00,
601,10694,1,$110.00,2018-08-02 13:30:40.686986+00,
601,11251,1,$86.00,2018-08-02 13:30:40.686986+00,
601,1048,1,$129.00,2018-08-02 13:30:40.686986+00,
601,5441,1,$64.24,2018-08-02 13:30:40.686986+00,
601,11100,1,$70.80,2018-08-02 13:30:40.686986+00,
602,3839,1,$135.00,2018-08-02 13:30:40.686986+00,
602,2045,1,$76.14,2018-08-02 13:30:40.686986+00,
602,5235,1,$99.54,2018-08-02 13:30:40.686986+00,
602,4018,1,$41.44,2018-08-02 13:30:40.686986+00,
603,13382,1,$60.30,2018-08-02 13:30:40.686986+00,
603,8062,1,$69.00,2018-08-02 13:30:40.686986+00,
603,3956,1,$84.00,2018-08-02 13:30:40.686986+00,
603,3482,1,$133.00,2018-08-02 13:30:40.686986+00,
604,9268,1,$49.98,2018-08-02 13:30:40.686986+00,
604,8037,1,$69.00,2018-08-02 13:30:40.686986+00,
604,3572,1,$42.90,2018-08-02 13:30:40.686986+00,
605,3724,1,$135.00,2018-08-02 13:30:40.686986+00,
605,17096,1,$135.00,2018-08-02 13:30:40.686986+00,
605,2936,1,$101.70,2018-08-02 13:30:40.686986+00,
605,11927,1,$144.54,2018-08-02 13:30:40.686986+00,
605,15946,1,$74.00,2018-08-02 13:30:40.686986+00,
606,4049,1,$146.00,2018-08-02 13:30:40.686986+00,
606,15025,1,$41.08,2018-08-02 13:30:40.686986+00,
606,5705,1,$78.00,2018-08-02 13:30:40.686986+00,
606,8024,1,$139.00,2018-08-02 13:30:40.686986+00,
606,16447,1,$88.00,2018-08-02 13:30:40.686986+00,
607,1199,1,$41.40,2018-08-02 13:30:40.686986+00,
607,1634,1,$92.00,2018-08-02 13:30:40.686986+00,
607,11686,1,$59.00,2018-08-02 13:30:40.686986+00,
608,7712,1,$61.00,2018-08-02 13:30:40.686986+00,
608,14254,1,$56.40,2018-08-02 13:30:40.686986+00,
609,4629,1,$71.00,2018-08-02 13:30:40.686986+00,
610,11807,1,$91.00,2018-08-02 13:30:40.686986+00,
610,8762,1,$85.49,2018-08-02 13:30:40.686986+00,
610,14812,1,$55.00,2018-08-02 13:30:40.686986+00,
610,2320,1,$148.00,2018-08-02 13:30:40.686986+00,
610,2684,1,$118.30,2018-08-02 13:30:40.686986+00,
611,3125,1,$99.00,2018-08-02 13:30:40.686986+00,
612,11919,1,$85.44,2018-08-02 13:30:40.686986+00,
612,3116,1,$99.00,2018-08-02 13:30:40.686986+00,
612,17252,1,$109.89,2018-08-02 13:30:40.686986+00,
612,14543,1,$76.86,2018-08-02 13:30:40.686986+00,
612,14272,1,$56.40,2018-08-02 13:30:40.686986+00,
613,1586,1,$102.00,2018-08-02 13:30:40.686986+00,
613,8919,1,$65.00,2018-08-02 13:30:40.686986+00,
613,5548,1,$64.00,2018-08-02 13:30:40.686986+00,
613,16747,1,$94.76,2018-08-02 13:30:40.686986+00,
613,17884,1,$46.80,2018-08-02 13:30:40.686986+00,
614,9242,1,$71.40,2018-08-02 13:30:40.686986+00,
614,7931,1,$78.60,2018-08-02 13:30:40.686986+00,
614,8641,1,$68.00,2018-08-02 13:30:40.686986+00,
615,9806,1,$132.05,2018-08-02 13:30:40.686986+00,
616,3308,1,$36.00,2018-08-02 13:30:40.686986+00,
616,9539,1,$103.68,2018-08-02 13:30:40.686986+00,
616,17525,1,$116.00,2018-08-02 13:30:40.686986+00,
616,1966,1,$53.00,2018-08-02 13:30:40.686986+00,
617,8601,1,$51.00,2018-08-02 13:30:40.686986+00,
617,12579,1,$77.42,2018-08-02 13:30:40.686986+00,
618,14571,1,$90.09,2018-08-02 13:30:40.686986+00,
618,14120,1,$123.00,2018-08-02 13:30:40.686986+00,
618,9237,1,$71.40,2018-08-02 13:30:40.686986+00,
618,16034,1,$68.85,2018-08-02 13:30:40.686986+00,
618,17378,1,$59.00,2018-08-02 13:30:40.686986+00,
619,2864,1,$125.33,2018-08-02 13:30:40.686986+00,
620,3303,1,$36.00,2018-08-02 13:30:40.686986+00,
620,13608,1,$53.00,2018-08-02 13:30:40.686986+00,
620,10020,1,$103.68,2018-08-02 13:30:40.686986+00,
621,10652,1,$126.00,2018-08-02 13:30:40.686986+00,
621,11741,1,$133.00,2018-08-02 13:30:40.686986+00,
621,6962,1,$44.20,2018-08-02 13:30:40.686986+00,
621,2852,1,$77.19,2018-08-02 13:30:40.686986+00,
622,14146,1,$71.20,2018-08-02 13:30:40.686986+00,
622,11871,1,$63.00,2018-08-02 13:30:40.686986+00,
622,10184,1,$92.48,2018-08-02 13:30:40.686986+00,
622,4984,1,$101.00,2018-08-02 13:30:40.686986+00,
623,3965,1,$84.00,2018-08-02 13:30:40.686986+00,
623,13070,1,$51.60,2018-08-02 13:30:40.686986+00,
624,2105,1,$118.00,2018-08-02 13:30:40.686986+00,
624,11135,1,$84.00,2018-08-02 13:30:40.686986+00,
624,3199,1,$150.00,2018-08-02 13:30:40.686986+00,
624,5768,1,$143.00,2018-08-02 13:30:40.686986+00,
625,8726,1,$95.00,2018-08-02 13:30:40.686986+00,
625,7996,1,$73.92,2018-08-02 13:30:40.686986+00,
625,2311,1,$148.00,2018-08-02 13:30:40.686986+00,
625,13997,1,$126.15,2018-08-02 13:30:40.686986+00,
626,14347,1,$68.00,2018-08-02 13:30:40.686986+00,
626,13832,1,$81.00,2018-08-02 13:30:40.686986+00,
626,9887,1,$105.00,2018-08-02 13:30:40.686986+00,
627,8395,1,$105.00,2018-08-02 13:30:40.686986+00,
628,5993,1,$75.00,2018-08-02 13:30:40.686986+00,
628,4254,1,$46.28,2018-08-02 13:30:40.686986+00,
628,13219,1,$107.00,2018-08-02 13:30:40.686986+00,
628,4374,1,$118.00,2018-08-02 13:30:40.686986+00,
629,16122,1,$95.04,2018-08-02 13:30:40.686986+00,
629,6500,1,$97.00,2018-08-02 13:30:40.686986+00,
630,9966,1,$113.03,2018-08-02 13:30:40.686986+00,
630,12409,1,$76.00,2018-08-02 13:30:40.686986+00,
631,13927,1,$133.00,2018-08-02 13:30:40.686986+00,
631,16367,1,$119.97,2018-08-02 13:30:40.686986+00,
631,15313,1,$63.00,2018-08-02 13:30:40.686986+00,
631,5259,1,$60.52,2018-08-02 13:30:40.686986+00,
632,16490,1,$105.00,2018-08-02 13:30:40.686986+00,
632,11020,1,$112.00,2018-08-02 13:30:40.686986+00,
632,10939,1,$105.00,2018-08-02 13:30:40.686986+00,
632,10784,1,$83.82,2018-08-02 13:30:40.686986+00,
633,8831,1,$97.90,2018-08-02 13:30:40.686986+00,
633,15550,1,$63.24,2018-08-02 13:30:40.686986+00,
633,7327,1,$51.00,2018-08-02 13:30:40.686986+00,
633,964,1,$53.12,2018-08-02 13:30:40.686986+00,
634,7897,1,$71.19,2018-08-02 13:30:40.686986+00,
634,14234,1,$48.00,2018-08-02 13:30:40.686986+00,
634,11602,1,$55.20,2018-08-02 13:30:40.686986+00,
635,11839,1,$142.00,2018-08-02 13:30:40.686986+00,
635,1366,1,$65.28,2018-08-02 13:30:40.686986+00,
635,10931,1,$104.88,2018-08-02 13:30:40.686986+00,
635,2202,1,$117.18,2018-08-02 13:30:40.686986+00,
635,14129,1,$123.00,2018-08-02 13:30:40.686986+00,
636,5491,1,$48.84,2018-08-02 13:30:40.686986+00,
637,4496,1,$116.00,2018-08-02 13:30:40.686986+00,
637,11725,1,$60.00,2018-08-02 13:30:40.686986+00,
638,5705,1,$78.00,2018-08-02 13:30:40.686986+00,
639,8385,1,$105.00,2018-08-02 13:30:40.686986+00,
639,3770,1,$122.00,2018-08-02 13:30:40.686986+00,
639,7451,1,$72.25,2018-08-02 13:30:40.686986+00,
640,7717,1,$61.00,2018-08-02 13:30:40.686986+00,
640,13708,1,$53.12,2018-08-02 13:30:40.686986+00,
640,6264,1,$129.00,2018-08-02 13:30:40.686986+00,
641,15585,1,$78.88,2018-08-02 13:30:40.686986+00,
641,14269,1,$56.40,2018-08-02 13:30:40.686986+00,
641,4002,1,$136.00,2018-08-02 13:30:40.686986+00,
641,8183,1,$80.00,2018-08-02 13:30:40.686986+00,
642,5795,1,$75.65,2018-08-02 13:30:40.686986+00,
642,1266,1,$36.92,2018-08-02 13:30:40.686986+00,
642,8748,1,$108.57,2018-08-02 13:30:40.686986+00,
643,2908,1,$78.60,2018-08-02 13:30:40.686986+00,
644,3411,1,$39.00,2018-08-02 13:30:40.686986+00,
644,17378,1,$59.00,2018-08-02 13:30:40.686986+00,
644,3765,1,$122.00,2018-08-02 13:30:40.686986+00,
644,6389,1,$53.82,2018-08-02 13:30:40.686986+00,
644,2959,1,$78.02,2018-08-02 13:30:40.686986+00,
645,2369,1,$148.00,2018-08-02 13:30:40.686986+00,
645,9097,1,$124.00,2018-08-02 13:30:40.686986+00,
645,1206,1,$41.40,2018-08-02 13:30:40.686986+00,
645,16500,1,$105.00,2018-08-02 13:30:40.686986+00,
645,3365,1,$57.00,2018-08-02 13:30:40.686986+00,
646,16824,1,$73.20,2018-08-02 13:30:40.686986+00,
646,16070,1,$56.00,2018-08-02 13:30:40.686986+00,
646,2121,1,$118.00,2018-08-02 13:30:40.686986+00,
646,13511,1,$148.00,2018-08-02 13:30:40.686986+00,
647,5732,1,$133.00,2018-08-02 13:30:40.686986+00,
647,17172,1,$83.66,2018-08-02 13:30:40.686986+00,
647,1314,1,$79.00,2018-08-02 13:30:40.686986+00,
647,11331,1,$104.30,2018-08-02 13:30:40.686986+00,
647,4357,1,$85.32,2018-08-02 13:30:40.686986+00,
648,17396,1,$118.75,2018-08-02 13:30:40.686986+00,
648,5344,1,$123.00,2018-08-02 13:30:40.686986+00,
648,10981,1,$131.00,2018-08-02 13:30:40.686986+00,
648,14476,1,$143.00,2018-08-02 13:30:40.686986+00,
648,1852,1,$118.00,2018-08-02 13:30:40.686986+00,
649,14007,1,$126.15,2018-08-02 13:30:40.686986+00,
649,15055,1,$138.00,2018-08-02 13:30:40.686986+00,
649,6695,1,$46.08,2018-08-02 13:30:40.686986+00,
649,8971,1,$128.00,2018-08-02 13:30:40.686986+00,
649,15761,1,$137.00,2018-08-02 13:30:40.686986+00,
650,12077,1,$96.00,2018-08-02 13:30:40.686986+00,
651,5972,1,$147.00,2018-08-02 13:30:40.686986+00,
651,10260,1,$54.00,2018-08-02 13:30:40.686986+00,
651,13622,1,$80.85,2018-08-02 13:30:40.686986+00,
651,10096,1,$106.00,2018-08-02 13:30:40.686986+00,
651,4554,1,$89.40,2018-08-02 13:30:40.686986+00,
652,5303,1,$96.00,2018-08-02 13:30:40.686986+00,
652,5669,1,$109.00,2018-08-02 13:30:40.686986+00,
652,10717,1,$78.60,2018-08-02 13:30:40.686986+00,
652,17166,1,$83.66,2018-08-02 13:30:40.686986+00,
653,4230,1,$86.24,2018-08-02 13:30:40.686986+00,
653,3309,1,$36.00,2018-08-02 13:30:40.686986+00,
653,10323,1,$63.00,2018-08-02 13:30:40.686986+00,
654,11603,1,$55.20,2018-08-02 13:30:40.686986+00,
654,13206,1,$107.00,2018-08-02 13:30:40.686986+00,
654,12567,1,$77.42,2018-08-02 13:30:40.686986+00,
655,3129,1,$99.00,2018-08-02 13:30:40.686986+00,
655,8844,1,$97.90,2018-08-02 13:30:40.686986+00,
655,1806,1,$113.00,2018-08-02 13:30:40.686986+00,
656,8769,1,$85.49,2018-08-02 13:30:40.686986+00,
656,8100,1,$115.00,2018-08-02 13:30:40.686986+00,
656,5370,1,$123.00,2018-08-02 13:30:40.686986+00,
656,6929,1,$52.20,2018-08-02 13:30:40.686986+00,
656,15240,1,$58.00,2018-08-02 13:30:40.686986+00,
657,16478,1,$105.00,2018-08-02 13:30:40.686986+00,
657,2537,1,$134.00,2018-08-02 13:30:40.686986+00,
657,11312,1,$148.00,2018-08-02 13:30:40.686986+00,
658,5075,1,$119.00,2018-08-02 13:30:40.686986+00,
659,8534,1,$68.60,2018-08-02 13:30:40.686986+00,
659,7850,1,$55.38,2018-08-02 13:30:40.686986+00,
659,9961,1,$113.03,2018-08-02 13:30:40.686986+00,
660,9936,1,$114.55,2018-08-02 13:30:40.686986+00,
660,2220,1,$117.60,2018-08-02 13:30:40.686986+00,
660,1698,1,$52.65,2018-08-02 13:30:40.686986+00,
660,5573,1,$124.08,2018-08-02 13:30:40.686986+00,
661,9065,1,$50.70,2018-08-02 13:30:40.686986+00,
661,14861,1,$104.37,2018-08-02 13:30:40.686986+00,
661,4042,1,$146.00,2018-08-02 13:30:40.686986+00,
661,16021,1,$68.85,2018-08-02 13:30:40.686986+00,
662,7218,1,$72.45,2018-08-02 13:30:40.686986+00,
662,12634,1,$89.00,2018-08-02 13:30:40.686986+00,
663,8619,1,$51.00,2018-08-02 13:30:40.686986+00,
663,6416,1,$107.52,2018-08-02 13:30:40.686986+00,
664,11769,1,$55.00,2018-08-02 13:30:40.686986+00,
664,6595,1,$45.60,2018-08-02 13:30:40.686986+00,
664,2540,1,$134.00,2018-08-02 13:30:40.686986+00,
665,7683,1,$149.00,2018-08-02 13:30:40.686986+00,
665,13564,1,$82.00,2018-08-02 13:30:40.686986+00,
665,10019,1,$103.68,2018-08-02 13:30:40.686986+00,
666,18365,1,$64.00,2018-08-02 13:30:40.686986+00,
666,8410,1,$105.00,2018-08-02 13:30:40.686986+00,
666,15592,1,$78.88,2018-08-02 13:30:40.686986+00,
666,3611,1,$53.82,2018-08-02 13:30:40.686986+00,
667,15844,1,$60.45,2018-08-02 13:30:40.686986+00,
667,13230,1,$63.00,2018-08-02 13:30:40.686986+00,
667,15009,1,$41.08,2018-08-02 13:30:40.686986+00,
667,4645,1,$61.20,2018-08-02 13:30:40.686986+00,
668,8730,1,$95.00,2018-08-02 13:30:40.686986+00,
668,12863,1,$128.00,2018-08-02 13:30:40.686986+00,
669,7025,1,$83.00,2018-08-02 13:30:40.686986+00,
669,4074,1,$69.00,2018-08-02 13:30:40.686986+00,
670,14811,1,$55.00,2018-08-02 13:30:40.686986+00,
671,850,1,$98.15,2018-08-02 13:30:40.686986+00,
672,1949,1,$53.00,2018-08-02 13:30:40.686986+00,
672,1042,1,$82.20,2018-08-02 13:30:40.686986+00,
673,15580,1,$78.88,2018-08-02 13:30:40.686986+00,
673,2148,1,$81.60,2018-08-02 13:30:40.686986+00,
674,5528,1,$147.00,2018-08-02 13:30:40.686986+00,
674,5329,1,$67.20,2018-08-02 13:30:40.686986+00,
674,2065,1,$133.00,2018-08-02 13:30:40.686986+00,
675,2935,1,$101.70,2018-08-02 13:30:40.686986+00,
675,10024,1,$103.68,2018-08-02 13:30:40.686986+00,
676,9400,1,$114.81,2018-08-02 13:30:40.686986+00,
676,11905,1,$85.44,2018-08-02 13:30:40.686986+00,
676,14978,1,$95.95,2018-08-02 13:30:40.686986+00,
676,13562,1,$73.80,2018-08-02 13:30:40.686986+00,
677,6466,1,$82.20,2018-08-02 13:30:40.686986+00,
677,10212,1,$45.58,2018-08-02 13:30:40.686986+00,
